3232 5192
663 379 842 449 Chrysippea.
1318 381 1339 445 5

254 550 395 610 Ceterum
404 550 573 610 nonnullas
588 549 752 609 sententias
767 567 843 624 quae
858 550 962 608 eodem
976 548 1041 608 iure
1055 570 1113 626 quo
1127 551 1186 609 hue
1199 551 1231 609 in
1244 551 1338 612 libros

165 642 203 700 de
212 641 275 699 fato
285 641 455 700 referantur
465 639 527 698 illie
536 658 647 715 ponere
657 638 758 698 malui.
778 637 857 696 inter
869 637 1022 698 illesame
1032 641 1168 699 consulto
1177 641 1338 716 neglectas,

166 748 241 806 quas
259 730 291 789 in
309 729 394 790 libris
414 731 450 788 de
465 728 654 804 providentia
670 727 765 787 fuisse
780 746 919 802 expresse
933 747 992 787 non
1006 728 1145 804 traditur,
1164 732 1211 787 est
1228 729 1339 804 triplex

164 818 269 878 mundi
283 818 416 878 definitio
431 837 449 876 a
462 817 578 876 Dione
593 816 807 894 chrysostomo
823 816 958 876 adhibita
975 810 1030 897 (or.
1047 820 1098 894 36,
1119 821 1158 878 29
1171 837 1213 893 sq.
1228 822 1258 878 et
1273 813 1337 899 36).

453 1065 478 1113 2.
508 1059 625 1113 duorum
643 1061 705 1126 περὶ
724 1058 889 1126 εἱμαρμένη(
900 1057 1051 1141 librorum.

252 1175 417 1250 Vtriusque
435 1174 507 1233 libri
525 1175 696 1250 fragmenta
717 1174 970 1248 compromissae
993 1193 1011 1232 a
1034 1175 1187 1235 veteribus
1207 1175 1338 1236 uitentur

163 1266 208 1324 ita
227 1265 392 1324 enarranda
411 1267 494 1339 sunt,
513 1268 549 1322 ut
566 1264 649 1340 ipsos
668 1280 829 1338 sequamur
848 1267 994 1324 auctores.

252 1354 335 1412 Duos
360 1353 452 1412 fuisse
472 1352 633 1430 Chrysippi
658 1352 694 1411 de
717 1353 780 1411 fato
799 1351 892 1412 libros
911 1355 1042 1412 testatur
1060 1350 1337 1414 DIOGENIANVS

161 1443 294 1520 quidem,
312 1462 401 1518 quem
419 1442 451 1501 in
470 1441 738 1518 Peripateticorum
762 1461 919 1500 numerum
939 1442 1036 1502 Zeller
1057 1443 1172 1518 recepit
1190 1435 1241 1524 (cf.
1259 1444 1338 1503 infra

121 1565 122 1568 ¹
162 1555 191 1609 p.
212 1524 276 1613 13).
313 1532 340 1590 is
359 1522 426 1590 cum
446 1531 482 1590 de
504 1532 568 1590 fato
587 1530 769 1591 condidisset
791 1531 902 1589 librum
926 1549 1004 1590 nunc
1027 1531 1216 1607 deperditum
1240 1533 1336 1608 philo·

162 1622 324 1697 sophorum
347 1621 479 1680 omnium
503 1621 540 1680 de
564 1621 619 1679 hac
642 1620 769 1679 materia
795 1621 933 1696 exposuit
952 1624 983 1679 et
1005 1622 1155 1680 recensuit
1173 1622 1336 1697 doctrinas3

163 1712 246 1770 cuius
270 1711 367 1786 operis
391 1728 428 1768 ea
450 1727 535 1785 pars,
560 1728 620 1785 qua
642 1710 836 1769 vehementer
865 1713 912 1770 est
938 1728 1097 1786 aggressus
1126 1709 1335 1787 Chrysippum,

162 1800 293 1859 Eusebio
317 1800 492 1858 facultatem
516 1799 611 1872 dedit,
634 1802 668 1858 ut
691 1799 795 1858 eadem
819 1817 909 1874 opera
938 1802 968 1858 et
996 1798 1087 1858 Stoici
1116 1801 1272 1859 summatis
1300 1802 1337 1860 de

162 1890 225 1949 fato
240 1889 420 1948 sententiam
435 1889 588 1948 commode
601 1887 762 1948 lectoribus
778 1888 952 1962 explanaret
971 1891 1002 1947 et
1015 1887 1153 1948 acerrimi
1172 1890 1337 1949 adversarii

163 1981 343 2054 argumenta
360 1981 513 2053 tamquam
538 1996 593 2037 sua
615 1977 746 2036 adderet.
789 1981 878 2053 atque
898 1978 1024 2036 feliciter
1043 1977 1163 2054 eccidit,
1186 1979 1265 2054 quod
1288 1975 1336 2038 hic

163 2067 367 2142 Diogenianus
387 2085 518 2126 summas
537 2067 688 2126 doctrinas
708 2065 869 2142 Chrysippi
888 2068 986 2142 planis
1002 2067 1101 2126 uerbis
1116 2067 1259 2127 indicavit
1278 2069 1337 2126 sin·

162 2158 293 2234 gulaque
312 2156 450 2215 refellere
469 2156 598 2232 studuit3
618 2160 708 2232 atque
727 2157 856 2231 priorem
876 2156 965 2215 alteri
983 2156 1061 2215 libro
1075 2175 1198 2232 prorsus
1218 2161 1336 2216 contra-

163 2246 261 2306 dicere
283 2245 328 2304 ita
349 2245 502 2321 probavit,
530 2248 565 2304 ut
590 2245 746 2304 eonsilium
775 2243 936 2321 Chrysippi
965 2245 1085 2320 egregie
1113 2247 1336 2321 perspiciamus.

163 2335 303 2413 quoniam
322 2337 479 2409 praeterea
498 2335 561 2393 sine
580 2334 647 2394 dolo
666 2334 872 2393 adversarium
891 2335 1047 2410 exscripsit
1065 2353 1162 2410 neque
1179 2335 1264 2393 illum
1283 2339 1336 2396 aut

162 2443 195 2484 se
224 2423 426 2498 defraudavit,
453 2424 484 2482 in
512 2427 638 2501 utroque
667 2423 743 2482 libro
771 2423 955 2482 restituendo
983 2423 1129 2498 optimum
1153 2441 1183 2483 se
1210 2425 1336 2499 praebes

162 2514 277 2574 ducem.
309 2513 450 2571 nimirum
469 2514 526 2590 hic,
545 2516 583 2571 ut
594 2511 696 2572 Cicero
715 2516 746 2572 et
760 2512 931 2571 Alexander
946 2512 1196 2590 Aphrodisiensis,
1215 2517 1335 2574 auctore

162 2601 282 2663 videtur
300 2621 372 2662 usus
392 2620 457 2662 esse
477 2603 524 2662 vel
544 2602 715 2662 auctoribus
734 2601 930 2661 Academicis.

252 2690 341 2752 Certo
360 2689 504 2751 CICERO
522 2692 554 2749 in
573 2690 774 2766 componendo
798 2692 833 2750 de
857 2692 920 2751 fato
944 2691 1046 2750 libello
1068 2694 1188 2750 secutus
1207 2695 1255 2750 est
1273 2692 1334 2750 An·

161 2782 295 2841 tiochum
313 2779 533 2857 Ascalonitam,
554 2779 585 2838 id
609 2781 688 2855 quod
712 2779 781 2840 inde
805 2781 915 2856 elucet,
938 2781 1090 2856 quianon
1116 2782 1211 2840 solum
1230 2781 1299 2840 inde
1317 2802 1336 2840 a

162 2870 183 2944 ξ
203 2873 244 2930 31
266 2868 427 2930 Carneadis
447 2869 609 2930 auctoritas
625 2873 765 2929 evocatur
783 2872 935 2946 tamquam
952 2869 1123 2945 philosophi
1141 2870 1263 2930 victoris
1283 2871 1335 2928 sed

163 2961 254 3020 etiam
279 2956 298 3034 ξ
319 2961 361 3018 44
386 2958 625 3018 adversariorum
650 2959 816 3018 sententiae
838 2960 882 3017 ita
905 2962 1116 3033 comparantur
1138 2959 1256 3035 aliaque
1283 2960 1335 3018 alii

162 3049 380 3122 accomodatur,
399 3051 433 3106 ut
452 3048 602 3108 conclusio
616 3047 671 3106 fiat
689 3041 800 3108 ‘verbis
816 3067 866 3108 eos
879 3067 939 3108 non
953 3067 986 3106 re
1001 3042 1156 3108 dissidere'
1172 3040 1222 3130 (cf.
1238 3048 1335 3108 Zeller

160 3129 219 3198 1v⁸
239 3139 316 3214 602,
336 3139 355 3196 2
376 3140 407 3196 et
426 3130 470 3217 3).
512 3137 591 3213 quod
615 3155 681 3196 cum
704 3135 887 3197 Antiochum
909 3137 1016 3197 melius
1040 3139 1224 3198 demonstret
1245 3157 1334 3214 quam

161 3227 277 3304 Hoyeri
294 3227 412 3302 tabula,
431 3225 590 3302 aliquando
614 3225 774 3300 disceptari
792 3229 901 3301 potest,
922 3230 1023 3286 utrum
1042 3246 1101 3286 non
1119 3227 1221 3286 nullae
1239 3229 1332 3286 detor·

161 3320 213 3376 tae
232 3313 393 3392 Chrysippi
413 3315 578 3374 sententiae
597 3334 616 3373 a
634 3313 773 3374 Cicerone
792 3317 870 3374 male
889 3316 1059 3375 intellectae
1078 3335 1117 3374 an
1135 3317 1173 3375 ab
1188 3317 1335 3377 Antiocho

162 3405 297 3465 consulto
317 3405 448 3465 deflexae
468 3404 536 3465 sint.
573 3405 629 3463 hoc
647 3405 823 3481 plerumque
842 3406 944 3480 ered03
964 3405 1029 3480 ipse
1049 3404 1152 3466 Cicero
1171 3406 1262 3465 semel
1282 3405 1335 3463 ali-

162 3495 235 3572 quid
260 3494 392 3565 novavit,
423 3513 490 3552 oum
517 3511 572 3568 pro
601 3494 717 3552 athleta
747 3492 875 3569 quodam
901 3487 1126 3590 liegesaroh01,
1154 3513 1243 3570 quem
1271 3495 1334 3554 sine

161 3583 253 3642 dubio
271 3584 337 3659 ipso
357 3581 524 3660 Chrysippo
548 3586 669 3642 auctore
691 3582 825 3642 nominat
843 3582 1046 3659 Diogenianus
1071 3577 1142 3664 (frg.
1164 3579 1254 3659 116),
1281 3583 1334 3641 Mi-

160 3674 261 3732 lonem
280 3672 514 3749 Pythagoreum,
533 3690 620 3747 quem
636 3689 738 3731 omnes
752 3673 833 3730 illius
853 3672 962 3731 aetatis
978 3676 1125 3733 noverant
1138 3672 1273 3750 Romani,
1292 3673 1334 3730 in-

162 3762 248 3821 duxit
262 3754 334 3839 (frg.
347 3763 408 3819 117
412 3753 438 3840 ):
452 3761 501 3820 vel
515 3761 570 3820 hac
585 3779 620 3820 ex
633 3779 665 3819 re
680 3765 807 3836 apparet
821 3760 975 3821 sinceritas
989 3761 1175 3836 Diogenian'a
1202 3761 1335 3820 ceterum
1356 3779 1361 3788 ·

161 3851 259 3910 multa
269 3870 284 3910 e
294 3848 445 3909 Ciceronis
456 3850 573 3925 scripto,
589 3867 769 3926 quamquam
784 3850 914 3926 turpiter
927 3851 1101 3910 mutilatum
1115 3853 1147 3909 et
1159 3869 1335 3925 perversum

161 3939 248 4000 nobis
266 3940 411 3998 traditum
431 3942 485 4013 est,
508 3939 582 3997 disci
604 3942 705 4014 potest
727 3940 873 4015 valdeque
894 3938 1054 4001 dolendum
1073 3943 1131 4016 est,
1154 3940 1233 4014 quod
1257 3958 1334 3998 nunc

161 4047 180 4087 a
199 4029 348 4104 plerisque
368 4028 546 4104 neglegitur.
584 4047 643 4087 non
664 4028 748 4086 nulla
766 4047 902 4088 servasse
921 4029 1060 4088 Tulliana
1074 4028 1278 4103 Augustinum
1297 4030 1334 4087 de

162 4118 217 4177 cir.
237 4118 264 4178 d.
283 4118 312 4174 V
331 4120 349 4177 9
374 4118 488 4192 primus
511 4117 624 4192 reperit
647 4114 732 4192 Otto,
755 4118 790 4178 ef.
810 4114 923 4191 Osann,
947 4118 1087 4193 Beitrage
1109 4117 1125 4176 I
1147 4137 1175 4192 p.
1196 4119 1259 4176 254
1271 4135 1333 4193 sqq.

251 4206 502 4265 ALEXANDER
520 4205 763 4280 Aphrodisiensis
782 4206 893 4265 librum
912 4203 984 4280 περὶ
1004 4201 1193 4280 εἱμαρμένη(
1210 4203 1261 4265 καὶ
1274 4206 1333 4266 τοῦ

162 4289 221 4370 ἐφ’
239 4292 314 4370 ἡμῖν
333 4295 476 4371 scriptum
495 4293 605 4354 Severo
621 4299 652 4354 et
665 4296 817 4355 Antonino
834 4296 982 4371 Augustis
1001 4295 1149 4355 dedicavit
1169 4291 1244 4373 (cap.
1266 4299 1281 4353 1
1305 4299 1335 4355 et

236 4437 249 4483 1
269 4429 350 4485 Hunc
369 4429 486 4484 eundem
506 4445 565 4483 esse
584 4432 669 4498 atque
688 4431 880 4499 Agesarchnm
898 4429 1052 4484 Pausaniae
1072 4427 1121 4496 (Vl
1141 4433 1183 4496 12,
1200 4433 1226 4496 8)
1245 4445 1334 4498 nuper

164 4501 194 4556 C.
214 4501 320 4556 Robert
332 4501 443 4569 (Herm.
464 4498 528 4553 XIX
546 4504 609 4570 306)
630 4501 737 4570 posuit;
756 4504 850 4556 tamen
866 4517 881 4555 e
896 4501 980 4571 gente
994 4499 1115 4568 Polyelia
1130 4500 1165 4554 ab
1180 4515 1213 4553 eo
1227 4502 1333 4553 restau-

163 4575 228 4627 rata
241 4590 331 4643 neque
346 4574 456 4628 statuae
466 4569 620 4640 Agesurehi
630 4589 719 4640 nsque
735 4573 823 4627 libelli
837 4572 1002 4642 Chrysippei
1017 4573 1094 4626 aetas
1109 4571 1218 4625 definiri
1231 4573 1332 4640 potest
