3232 5192
660 346 841 459 Chrysippea.
1295 387 1332 452 11

166 561 273 620 seimus
302 561 447 636 quantum
475 559 617 619 tribuerit
645 557 821 619 divinationi
856 559 978 633 deoque
1026 559 1105 634 apud
1134 559 1337 617 Alexandrum

166 650 245 711 enim
259 650 386 726 legimus
406 642 477 726 (fr-g.
490 642 545 728 93)
566 643 671 707 πάντα
685 647 753 707 τοῑε
773 646 860 708 θεοῑε
875 638 994 706 δυνατά
1010 663 1105 722 φαειν
1121 641 1211 708 εἶναι.
1234 651 1335 706 temen

166 739 281 799 Philod.
296 740 333 797 de
348 739 374 797 d.
389 758 416 798 ν.
430 738 520 796 beata
534 736 611 816 (VH
622 736 666 796 01
677 730 735 817 VI)
751 737 804 797 col.
822 739 850 809 7,
866 738 908 796 33
928 737 1000 796 dicit
1013 732 1167 796 πολλάκι(
1188 733 1223 796 δὲ
1246 731 1337 797 αὐτοὶ

166 825 394 901 ἐπανατροπὴν
415 827 419 898 l
440 827 494 901 τῆε
523 824 663 901 νοήεεωε
691 826 749 885 τοῦ
777 825 853 887 θεοῦ
882 826 1090 900 ιιιγχωροῦει,
1127 821 1268 900 καθάπερ
1297 817 1331 906 ολ

165 911 301 997 (adnot)
329 912 510 990 Χρύειπποε
533 912 569 975 έν
592 916 661 975 τοῑε
685 909 787 993 (repr
810 915 959 989 μαντικῆε
979 913 1065 987 λέγει
1085 913 1124 990 μὴ
1145 906 1336 996 δύΙ(ναεθαι)

165 1003 223 1067 τὸν
243 1003 318 1066 θεὸν
338 997 490 1087 dietum?
513 996 634 1086 πάντ)α
658 1000 711 1063 διὰ
731 1001 770 1063 τὸ
794 997 868 1077 μηδ’
888 998 974 1077 ἔχειν
995 1003 999 1078 Ι
1020 1005 1175 1081 ...haee
1201 1005 1291 1063 etiam
1311 1005 1336 1062 si

165 1096 241 1154 falso
261 1098 313 1154 aut
332 1096 439 1154 saltem
458 1095 570 1152 incerte
590 1094 729 1169 suppleta
748 1094 815 1168 sint,
835 1096 936 1152 temen
955 1093 1162 1153 demonstrant
1180 1093 1291 1168 aliquid
1306 1093 1338 1151 in

166 1187 316 1262 potestate
336 1183 459 1242 deorum
477 1202 536 1242 non
556 1201 633 1242 esse:
653 1184 731 1259 quia,
750 1185 832 1257 puto,
852 1202 888 1240 ne
908 1183 951 1240 dii
968 1182 1087 1258 quidem
1103 1185 1253 1258 compotes
1268 1186 1339 1240 sunt

166 1273 289 1332 humani
308 1273 426 1331 arbitrii
444 1291 541 1349 neque
560 1290 636 1348 quae
654 1271 731 1330 fiunt
749 1271 848 1330 omnia
866 1289 986 1330 necesse
1006 1273 1052 1330 est
1070 1271 1144 1330 fieri.
1172 1290 1230 1330 non
1245 1271 1339 1347 igitur

168 1362 278 1422 desinit
296 1365 365 1438 post
383 1355 458 1436 μηδ’
478 1356 564 1435 ἔχειν
584 1361 745 1437 sententia,
765 1362 816 1419 sed
836 1361 1018 1436 sequebatur
1037 1361 1108 1420 olim
1128 1360 1266 1420 debilitas
1287 1364 1340 1419 aut

166 1471 267 1510 rerum
295 1451 426 1510 omnium
455 1455 509 1509 aut
536 1451 673 1526 deorum3
699 1450 731 1507 bi
755 1450 834 1509 enim
857 1450 914 1525 ipsi
937 1468 1032 1525 neque
1056 1451 1130 1510 vitia
1154 1449 1339 1508 committere

149 1529 262 1616 'neque
280 1540 477 1616 impossibilia
495 1539 594 1600 facere
612 1543 746 1614 possunt,
765 1538 795 1597 id
815 1542 861 1598 est
875 1539 928 1597 illa
942 1539 1039 1598 facere
1054 1542 1215 1614 nequeunt.
1238 1538 1339 1614 itaque

147 1623 312 1689 ‘concessit
331 1628 517 1705 Chrysippus
537 1628 601 1705 ipse
622 1628 811 1687 debilitatem
830 1628 962 1700 deorum,
981 1628 1061 1704 quod
1085 1628 1225 1704 exprimit
1248 1628 1285 1686 ab
1305 1647 1339 1686 eo

166 1711 246 1778 recte
271 1719 439 1778 Alexander
463 1718 552 1794 paulo
578 1736 669 1794 supra
697 1711 769 1797 (srg.
785 1708 852 1798 93).
889 1718 953 1775 iure
976 1717 1071 1792 igitur
1096 1718 1298 1794 fragmentum
1322 1736 1340 1775 a

167 1828 215 1868 me
233 1827 293 1867 non
311 1814 465 1882 receptum
484 1807 562 1865 inter
580 1807 722 1882 reliquias
741 1811 859 1866 nostras
879 1810 932 1864 aut
946 1807 1091 1865 librorum
1107 1807 1143 1866 de
1159 1806 1340 1865 divinatione

166 1916 322 1956 numerare
345 1898 431 1972 potes
455 1896 534 1971 quod
557 1896 675 1955 nomine
699 1896 807 1954 omisso
826 1895 1017 1955 Philodemus
1043 1896 1169 1954 tradidit
1187 1896 1221 1953 in'
1237 1894 1340 1954 eodem

166 1987 244 2046 libro
269 1986 322 2045 eol.
338 1988 400 2062 a‚1
426 1981 476 2044 καὶ
500 1980 579 2043 κατὰ
603 1982 661 2058 τὴν
686 1977 758 2064 (τοῦ
782 1976 874 2063 θε)οὓ
899 1975 1138 2065 (προῗ)φορὰ(ν
1163 1980 1341 2060 ἰδλιυτικιῖιε

167 2066 365 2156 ἅ(παν-)ζτοε
388 2069 476 2152 αὐτῷ
499 2070 632 2147 δύναμιν
657 2067 842 2146 ἀναθέντεε,
867 2065 978 2155 (ὅ)ταν
1001 2069 1065 2132 ὑπὸ
1093 2073 1159 2133 τῶν
1187 2064 1340 2154 ἐλλέγχων

167 2162 344 2237 πιέζωνται,
364 2158 437 2222 τότε
453 2158 708 2236 καταφεύγουειν
722 2158 775 2222 ἐπὶ
794 2158 831 2221 τὸ
853 2157 856 2241 l
878 2158 929 2220 διὰ
948 2163 1044 2221 τοῦτο
1065 2157 1196 2236 φάεκειν
1215 2158 1254 2221 τὰ
1269 2177 1339 2221 (υν-

168 2247 333 2327 απτόμενα
358 2250 398 2327 μὴ
423 2252 541 2325 ποιεῖν,
573 2245 576 2332 λ
603 2245 652 2310 ὅτι
676 2246 716 2311 οὐ
739 2245 844 2311 πάντα
868 2246 1009 2311 δύναται.
1045 2251 1187 2311 nimirum
1210 2271 1285 2327 quae
1309 2251 1340 2308 in

167 2343 337 2402 hominibus
357 2342 416 2400 sita
435 2345 505 2401 sunt
525 2341 597 2400 deus
616 2359 675 2400 non
693 2340 773 2399 facit.
810 2339 862 2399 sed
881 2341 918 2399 de
937 2333 1136 2399 divinatione1
1156 2341 1238 2400 satis.

256 2431 306 2489 Dii
329 2449 446 2506 semper
467 2448 560 2506 aeque
583 2430 655 2488 boni
679 2433 762 2506 sunt3
795 2429 929 2489 homines
957 2429 1028 2488 mali
1051 2429 1115 2488 lieri
1138 2432 1266 2506 possunt
1289 2431 1341 2489 sed

168 2541 223 2581 sua
242 2521 335 2596 culpa.
364 2538 421 2578 non
440 2519 535 2594 igitur
553 2520 596 2577 ita
613 2520 777 2593 nascimur,
802 2523 835 2578 ut
859 2521 890 2578 in
909 2519 1053 2578 mundum
1074 2519 1146 2578 editi
1166 2520 1270 2578 statim
1289 2523 1342 2578 aut

167 2610 240 2670 boni
267 2612 320 2668 aut
347 2609 419 2667 mali
447 2608 540 2667 simus
568 2608 620 2668 sed
643 2609 799 2684 utriusque
828 2627 950 2684 capaces
979 2608 1210 2668 constitutionis.
1253 2627 1340 2684 porro

167 2703 394 2776 utramcumque
424 2697 585 2774 selegimus
611 2699 686 2756 hanc
709 2701 809 2757 cetera
835 2699 867 2756 in
897 2697 961 2758 vita
989 2699 1125 2756 deserere
1152 2689 1340 2773 nequimush

168 2808 228 2848 non
255 2788 349 2865 igitur
378 2786 513 2863 singulas
542 2787 579 2846 oh
608 2787 739 2845 actiones
767 2787 855 2846 laude
880 2786 1138 2861 vituperationeve
1164 2805 1341 2862 apparemus

168 2878 251 2953 digni
271 2878 322 2936 sed
341 2867 467 2952 propter
483 2876 657 2952 primariam
676 2876 759 2934 illam
776 2877 962 2952 electionem3
983 2875 1024 2934 dii
1037 2880 1175 2935 neutram
1190 2880 1342 2934 merentur

167 2967 308 3042 quoniam
326 2969 464 3024 neutram
483 2965 615 3041 recipere
633 2968 796 3040 potuerunt
814 2970 953 3024 naturam
978 2966 1030 3023 sed
1048 2965 1276 3025 admirationem
1296 2984 1342 3023 as-

167 3057 310 3114 secuntur
333 3055 494 3114 hominum.
517 3086 553 3096 -
576 3046 1128 3136 heecdoctrina(frgg.128-140)
1152 3055 1272 3130 egregie
1294 3053 1341 3112 fir

166 3149 269 3203 matur
297 3149 327 3203 et
354 3142 506 3203 stabilitur
529 3161 623 3218 parvo
647 3143 816 3218 fragmento
840 3143 965 3202 alterius
994 3139 1066 3217 περὶ
1090 3138 1244 3216 πμονοίαε
1273 3141 1343 3202 libri

167 3252 260 3293 aureo
280 3224 366 3314 (24);
393 3232 513 3291 aliunde
532 3233 568 3290 de
587 3250 623 3290 ee
642 3232 738 3290 adhuc
757 3231 832 3290 nihil
850 3233 989 3292 innotuit.
1026 3235 1126 3291 tamen
1145 3233 1274 3308 vestigia
1294 3232 1342 3290 de·

167 3328 271 3398 tegere
295 3327 380 3398 potes
409 3323 487 3396 apud
507 3321 662 3380 Philonem
687 3313 739 3396 (de
762 3322 864 3379 mundi
887 3321 1003 3397 opificio
1027 3342 1055 3397 p.
1072 3323 1113 3380 46
1138 3312 1252 3402 Pfeif.):
1276 3320 1342 3379 τῶν

168 3407 275 3470 ὄντων
298 3407 338 3469 τὰ
362 3407 419 3484 μὲν
444 3406 519 3470 οὔτε
543 3403 657 3485 ἀμετῆε
682 3404 756 3468 οὔτε
785 3404 892 3470 κακίαε
919 3408 1042 3484 μετέχει
1062 3405 1167 3484 ὥεπερ
1188 3406 1274 3485 φυτὰ
1293 3406 1343 3468 καὶ

168 3501 237 3580 ζῷα
256 3494 371 3573 ἄλογα,
395 3494 435 3558 τὰ
458 3497 515 3574 μὲν
539 3494 588 3558 ὅτι
608 3492 719 3572 ἄψυχὰ
737 3493 768 3557 τ’
793 3495 854 3557 ἐετὶ
875 3496 925 3559 καὶ
945 3493 1137 3578 ἀφαντάετῳ
1157 3496 1249 3574 φύεει
1268 3498 1342 3557 διοι-

168 3589 277 3662 κεῖται,
295 3584 335 3647 τὰ
354 3582 387 3647 δ’
405 3582 454 3648 ὅτι
474 3589 552 3648 νοῦν
571 3585 623 3647 καὶ
642 3582 741 3660 λόγον
760 3584 943 3662 ἐκτέτμηται
962 3580 1084 3670 (κακίαε
1104 3585 1138 3647 δὲ
1159 3585 1209 3647 καὶ
1229 3583 1342 3661 ἀρετῆε

168 3674 214 3737 ὼε
233 3673 273 3738 ἂν
297 3671 384 3737 οἶκοι
409 3678 486 3739 voire
511 3675 562 3737 καὶ
581 3672 691 3750 λόγοε,
716 3671 765 3737 oi<
788 3671 880 3736 αὗται
905 3674 1083 3752 πεφύκαειν
1108 3669 1343 3758 ἐνδιαιτᾶεθαι).

167 3763 209 3827 τὰ
233 3762 264 3826 δ’
289 3761 328 3826 αὖ
348 3761 446 3842 μόνηε
466 3762 695 3839 κεκοινώνηκεν
720 3759 833 3840 ἀρετῆε
859 3759 999 3840 ἀμέτοχα
1018 3761 1118 3841 πάεηε
1137 3759 1216 3825 ὄντα
1235 3761 1343 3825 κακία(

169 3852 275 3930 ὥςπερ
296 3850 326 3915 oi
345 3850 486 3930 ἀετέρεε·
508 3850 597 3916 οὗτοι
616 3851 677 3929 γὰρ
697 3850 764 3934 ζῷά
778 3849 811 3913 τ’
830 3849 911 3915 εἶναι
927 3852 1075 3928 λέγονται
1090 3851 1140 3913 καὶ
1155 3855 1222 3934 ζῷα
1236 3849 1342 3929 νοεμά,

170 3942 352 4021 μᾶλλονδὲ
377 3945 454 4005 νοῡε
478 3940 586 4004 αὐτῶν
612 3939 631 4004 ὁ
655 3940 784 4004 έκαετοε
808 3939 885 4004 ὅλοι
910 3937 953 4003 δι’
980 3939 1068 4003 ὅλων
1093 3944 1267 4003 επουδαῑοε
1292 3940 1343 4003 καὶ

244 4087 258 4134 1
278 4081 342 4134 Non
364 4080 442 4134 nulla
460 4081 495 4134 de
513 4077 634 4134 craculis
653 4077 829 4134 achaleidio
848 4078 954 4132 tradita
972 4095 1093 4146 quonam
1112 4078 1172 4131 iure
1188 4077 1343 4146 Chrysippo

171 4152 342 4207 vindicanda
370 4152 427 4205 sint
455 4168 527 4206 nunc
555 4168 610 4204 non
639 4148 777 4218 quaesivi,
805 4150 969 4217 praesertim
993 4165 1056 4203 eum
1080 4149 1182 4203 rectius
1205 4147 1285 4202 libris
1309 4150 1343 4202 de

172 4223 345 4277 divinatione
365 4224 409 4277 vel
430 4222 464 4276 de
483 4221 604 4276 oraculis
622 4222 737 4275 inseras.

243 4293 382 4348 2Tamen
401 4292 560 4347 admittitur
583 4292 722 4361 exceptio,
746 4293 876 4360 quoniam
896 4291 1016 4345 ebrietas
1036 4295 1065 4345 et
1082 4290 1270 4345 melancholia
1288 4292 1343 4346 vir·

171 4367 232 4420 tute
257 4367 368 4420 servata
391 4383 451 4418 esse
480 4381 536 4418 non
563 4366 691 4432 possunt,
721 4364 754 4417 cf.
774 4363 866 4418 Laert.
882 4363 933 4416 VIl
950 4368 1013 4426 1273
1041 4361 1137 4430 itaque
1164 4364 1344 4431 reprehendit

171 4437 330 4491 Alexander
353 4437 398 4504 (de
417 4453 464 4490 an.
479 4435 506 4488 ΙΙ
523 4435 595 4489 ltbb
611 4435 685 4503 Ald.)
710 4435 771 4490 οἷον
794 4451 825 4488 τε
848 4437 901 4502 τὴν
928 4435 1030 4500 ἀρετὴν
1054 4435 1155 4500 ἔχοντα
1179 4437 1223 4487 καλ
1248 4436 1277 4488 ἐν
1298 4438 1343 4500 λη-

172 4511 268 4578 θάργψ
292 4510 336 4561 καὶ
360 4509 389 4560 ἐν
414 4507 578 4575 μελαγχολίᾳ
602 4509 647 4559 καί
670 4508 700 4560 ἐν
724 4507 852 4560 εκοτώεει
876 4508 920 4559 καλ
939 4507 969 4558 ἐν
986 4511 1134 4573 παμακοπῇ
1154 4506 1290 4573 γενέεθαι,
1313 4507 1343 4558 ἐν

172 4581 214 4634 ott
232 4582 301 4633 ὄντα
320 4579 459 4660 ἀδύνατον
477 4580 542 4631 κατ’
561 4579 663 4644 ἀρετὴν
682 4578 811 4644 ἐνεργεῖν.
919 4589 924 4608 ‘
