<?xml version="1.0" encoding="UTF-8"?>
<!DOCTYPE html PUBLIC "-//W3C//DTD XHTML 1.0 Transitional//EN"
    "http://www.w3.org/TR/xhtml1/DTD/xhtml1-transitional.dtd">
<html xmlns="http://www.w3.org/1999/xhtml" xml:lang="en" lang="en">
 <head>
  <title>
</title>
<meta http-equiv="Content-Type" content="text/html;charset=utf-8" />
  <meta name='ocr-system' content='tesseract 3.04.00' />
  <meta name='ocr-capabilities' content='ocr_page ocr_carea ocr_par ocr_line ocrx_word'/>
</head>
<body>
  <div class='ocr_page' id='page_1' title='image "./chrysippeaparti00gercgoog_0023.png"; bbox 0 0 3232 5192; ppageno 0'>
   <div class='ocr_carea' id='block_1_1' title="bbox 224 351 1008 418">
    <p class='ocr_par' dir='ltr' id='par_1_1' title="bbox 224 351 1008 418">
     <span class='ocr_line' id='line_1_1' title="bbox 224 351 1008 418; baseline -0.009 -5"><span class='ocrx_word' id='word_1_1' title='bbox 224 410 228 418; x_wconf 89' lang='grc'><em>,</em></span> <span class='ocrx_word' id='word_1_2' title='bbox 285 351 327 412; x_wconf 87' lang='grc'>14</span> <span class='ocrx_word' id='word_1_3' title='bbox 740 351 870 406; x_wconf 77' lang='lat' dir='ltr'>alfredus</span> <span class='ocrx_word' id='word_1_4' title='bbox 889 351 1008 407; x_wconf 80' lang='lat' dir='ltr'>Gerclre:</span> 
     </span>
    </p>
   </div>
   <div class='ocr_carea' id='block_1_2' title="bbox 240 514 1455 4603">
    <p class='ocr_par' dir='ltr' id='par_1_2' title="bbox 281 514 1455 1932">
     <span class='ocr_line' id='line_1_2' title="bbox 282 514 1452 596; baseline 0.003 -17"><span class='ocrx_word' id='word_1_5' title='bbox 282 519 347 579; x_wconf 92' lang='grc' dir='ltr'>τῶν</span> <span class='ocrx_word' id='word_1_6' title='bbox 367 519 514 580; x_wconf 84' lang='grc' dir='ltr'>δυνατῶν</span> <span class='ocrx_word' id='word_1_7' title='bbox 532 517 677 591; x_wconf 86' lang='grc' dir='ltr'>γενέεθαι</span> <span class='ocrx_word' id='word_1_8' title='bbox 696 516 929 595; x_wconf 79' lang='grc' dir='ltr'>κατηλπίκαειν.</span> <span class='ocrx_word' id='word_1_9' title='bbox 967 517 999 582; x_wconf 81' lang='grc' dir='ltr'>ἐξ</span> <span class='ocrx_word' id='word_1_10' title='bbox 1019 514 1058 581; x_wconf 88' lang='grc' dir='ltr'>οὗ</span> <span class='ocrx_word' id='word_1_11' title='bbox 1083 516 1242 596; x_wconf 83' lang='grc' dir='ltr'>τυμβαίνει</span> <span class='ocrx_word' id='word_1_12' title='bbox 1261 517 1298 580; x_wconf 92' lang='grc' dir='ltr'>τὸ</span> <span class='ocrx_word' id='word_1_13' title='bbox 1319 519 1376 596; x_wconf 88' lang='grc' dir='ltr'>τὴν</span> <span class='ocrx_word' id='word_1_14' title='bbox 1396 519 1452 596; x_wconf 91' lang='grc' dir='ltr'>μέν</span> 
     </span>
     <span class='ocr_line' id='line_1_3' title="bbox 282 602 1454 692; baseline 0.002 -24"><span class='ocrx_word' id='word_1_15' title='bbox 282 609 348 670; x_wconf 89' lang='grc' dir='ltr'>τῶν</span> <span class='ocrx_word' id='word_1_16' title='bbox 367 603 497 682; x_wconf 87' lang='grc' dir='ltr'>ἀγαθῶν</span> <span class='ocrx_word' id='word_1_17' title='bbox 517 604 750 683; x_wconf 86' lang='grc' dir='ltr'>προαγόρευειν</span> <span class='ocrx_word' id='word_1_18' title='bbox 769 607 809 683; x_wconf 91' lang='grc' dir='ltr'>μὴ</span> <span class='ocrx_word' id='word_1_19' title='bbox 828 605 999 670; x_wconf 80' lang='grc' dir='ltr'>ἐπιτείνειν</span> <span class='ocrx_word' id='word_1_20' title='bbox 1018 605 1103 668; x_wconf 88' lang='grc' dir='ltr'>πάνυ</span> <span class='ocrx_word' id='word_1_21' title='bbox 1126 627 1155 668; x_wconf 92' lang='grc' dir='ltr'>τι</span> <span class='ocrx_word' id='word_1_22' title='bbox 1179 607 1237 685; x_wconf 87' lang='grc' dir='ltr'>τήν</span> <span class='ocrx_word' id='word_1_23' title='bbox 1261 606 1364 684; x_wconf 87' lang='grc' dir='ltr'>χαρὰν</span> <span class='ocrx_word' id='word_1_24' title='bbox 1388 602 1454 692; x_wconf 89' lang='grc' dir='ltr'>(διὰ</span> 
     </span>
     <span class='ocr_line' id='line_1_4' title="bbox 281 694 1455 782; baseline 0 -24"><span class='ocrx_word' id='word_1_25' title='bbox 281 695 319 758; x_wconf 89' lang='grc' dir='ltr'>τὸ</span> <span class='ocrx_word' id='word_1_26' title='bbox 344 695 394 757; x_wconf 89' lang='grc' dir='ltr'>καὶ</span> <span class='ocrx_word' id='word_1_27' title='bbox 419 695 595 782; x_wconf 19' lang='grc' dir='ltr'>χωρὶεὶτῆτ</span> <span class='ocrx_word' id='word_1_28' title='bbox 619 694 884 773; x_wconf 83' lang='grc' dir='ltr'>προαγορεύτεωε</span> <span class='ocrx_word' id='word_1_29' title='bbox 908 695 1041 759; x_wconf 81' lang='grc' dir='ltr'>ἕκαετον</span> <span class='ocrx_word' id='word_1_30' title='bbox 1064 696 1097 760; x_wconf 86' lang='grc' dir='ltr'>ἐξ</span> <span class='ocrx_word' id='word_1_31' title='bbox 1122 695 1238 758; x_wconf 83' lang='grc' dir='ltr'>ἑαυτοῦ</span> <span class='ocrx_word' id='word_1_32' title='bbox 1261 695 1302 759; x_wconf 87' lang='grc' dir='ltr'>τὰ</span> <span class='ocrx_word' id='word_1_33' title='bbox 1325 695 1455 774; x_wconf 85' lang='grc' dir='ltr'>κρείττω</span> 
     </span>
     <span class='ocr_line' id='line_1_5' title="bbox 282 781 1453 867; baseline 0.001 -20"><span class='ocrx_word' id='word_1_34' title='bbox 282 781 477 867; x_wconf 83' lang='grc' dir='ltr'>προεδοκᾶν)</span> <span class='ocrx_word' id='word_1_35' title='bbox 496 784 515 861; x_wconf 87' lang='grc' dir='ltr'>ἢ</span> <span class='ocrx_word' id='word_1_36' title='bbox 535 781 591 846; x_wconf 83' lang='grc' dir='ltr'>ἐπ’</span> <span class='ocrx_word' id='word_1_37' title='bbox 609 782 720 860; x_wconf 81' lang='grc' dir='ltr'>ὀλίγον</span> <span class='ocrx_word' id='word_1_38' title='bbox 740 783 908 848; x_wconf 84' lang='grc' dir='ltr'>ἐπιτείνειν</span> <span class='ocrx_word' id='word_1_39' title='bbox 932 790 970 867; x_wconf 85' lang='grc' dir='ltr'>τῇ</span> <span class='ocrx_word' id='word_1_40' title='bbox 995 784 1130 866; x_wconf 80' lang='grc' dir='ltr'>δοκούεῃ</span> <span class='ocrx_word' id='word_1_41' title='bbox 1159 783 1350 866; x_wconf 86' lang='grc' dir='ltr'>βεβαιότητι,</span> <span class='ocrx_word' id='word_1_42' title='bbox 1377 789 1453 848; x_wconf 95' lang='grc' dir='ltr'>πολ-</span> 
     </span>
     <span class='ocr_line' id='line_1_6' title="bbox 282 871 1453 951; baseline 0.002 -15"><span class='ocrx_word' id='word_1_43' title='bbox 282 871 370 936; x_wconf 83' lang='grc' dir='ltr'>λάκιε</span> <span class='ocrx_word' id='word_1_44' title='bbox 397 873 432 936; x_wconf 88' lang='grc' dir='ltr'>δέ</span> <span class='ocrx_word' id='word_1_45' title='bbox 459 873 510 936; x_wconf 88' lang='grc' dir='ltr'>καὶ</span> <span class='ocrx_word' id='word_1_46' title='bbox 529 876 640 950; x_wconf 82' lang='grc' dir='ltr'>μειοίιν</span> <span class='ocrx_word' id='word_1_47' title='bbox 664 875 723 950; x_wconf 87' lang='grc' dir='ltr'>τὴν</span> <span class='ocrx_word' id='word_1_48' title='bbox 749 871 864 951; x_wconf 91' lang='grc' dir='ltr'>χαράν,</span> <span class='ocrx_word' id='word_1_49' title='bbox 895 871 975 936; x_wconf 86' lang='grc' dir='ltr'>ὅταν</span> <span class='ocrx_word' id='word_1_50' title='bbox 1001 871 1124 936; x_wconf 87' lang='grc' dir='ltr'>ἐλάττω</span> <span class='ocrx_word' id='word_1_51' title='bbox 1151 876 1217 938; x_wconf 89' lang='grc' dir='ltr'>τῶν</span> <span class='ocrx_word' id='word_1_52' title='bbox 1241 873 1453 938; x_wconf 84' lang='grc' dir='ltr'>ἐλπιεθέντων</span> 
     </span>
     <span class='ocr_line' id='line_1_7' title="bbox 282 959 1452 1046; baseline 0.001 -21"><span class='ocrx_word' id='word_1_53' title='bbox 282 960 430 1046; x_wconf 83' lang='grc' dir='ltr'>ἀκουτθῇ·</span> <span class='ocrx_word' id='word_1_54' title='bbox 449 963 507 1040; x_wconf 90' lang='grc' dir='ltr'>τὴν</span> <span class='ocrx_word' id='word_1_55' title='bbox 526 961 562 1025; x_wconf 92' lang='grc' dir='ltr'>δέ</span> <span class='ocrx_word' id='word_1_56' title='bbox 578 965 645 1026; x_wconf 92' lang='grc' dir='ltr'>τῶν</span> <span class='ocrx_word' id='word_1_57' title='bbox 663 965 769 1026; x_wconf 85' lang='grc' dir='ltr'>κακῶν</span> <span class='ocrx_word' id='word_1_58' title='bbox 784 961 1018 1040; x_wconf 85' lang='grc' dir='ltr'>προαγόρευειν</span> <span class='ocrx_word' id='word_1_59' title='bbox 1033 959 1098 1045; x_wconf 84' lang='grc' dir='ltr'>(καί</span> <span class='ocrx_word' id='word_1_60' title='bbox 1113 961 1165 1025; x_wconf 88' lang='grc' dir='ltr'>διὰ</span> <span class='ocrx_word' id='word_1_61' title='bbox 1178 963 1216 1026; x_wconf 92' lang='grc' dir='ltr'>τὸ</span> <span class='ocrx_word' id='word_1_62' title='bbox 1231 959 1452 1040; x_wconf 82' lang='grc' dir='ltr'>ἀπόετρεπτον</span> 
     </span>
     <span class='ocr_line' id='line_1_8' title="bbox 282 1047 1454 1136; baseline 0.001 -22"><span class='ocrx_word' id='word_1_63' title='bbox 282 1050 389 1114; x_wconf 88' lang='grc' dir='ltr'>αὐτῶν</span> <span class='ocrx_word' id='word_1_64' title='bbox 409 1050 501 1129; x_wconf 85' lang='grc' dir='ltr'>φύεει</span> <span class='ocrx_word' id='word_1_65' title='bbox 520 1050 570 1114; x_wconf 79' lang='grc' dir='ltr'>καί</span> <span class='ocrx_word' id='word_1_66' title='bbox 590 1051 642 1114; x_wconf 89' lang='grc' dir='ltr'>διὰ</span> <span class='ocrx_word' id='word_1_67' title='bbox 662 1051 700 1114; x_wconf 89' lang='grc' dir='ltr'>τὸ</span> <span class='ocrx_word' id='word_1_68' title='bbox 720 1049 799 1128; x_wconf 83' lang='grc' dir='ltr'>παρ’</span> <span class='ocrx_word' id='word_1_69' title='bbox 824 1050 955 1114; x_wconf 77' lang='grc' dir='ltr'>ἐλπίδα(</span> <span class='ocrx_word' id='word_1_70' title='bbox 979 1049 1082 1114; x_wconf 89' lang='grc' dir='ltr'>ἐνίοτε</span> <span class='ocrx_word' id='word_1_71' title='bbox 1108 1047 1333 1136; x_wconf 83' lang='grc' dir='ltr'>προλέγετθαι)</span> <span class='ocrx_word' id='word_1_72' title='bbox 1359 1051 1454 1129; x_wconf 88' lang='grc' dir='ltr'>μεγά-</span> 
     </span>
     <span class='ocr_line' id='line_1_9' title="bbox 283 1138 1453 1218; baseline 0 -15"><span class='ocrx_word' id='word_1_73' title='bbox 283 1142 347 1203; x_wconf 78' lang='grc' dir='ltr'>λω(</span> <span class='ocrx_word' id='word_1_74' title='bbox 366 1138 599 1218; x_wconf 84' lang='grc' dir='ltr'>(υνταράττειν.</span> <span class='ocrx_word' id='word_1_75' title='bbox 635 1144 708 1204; x_wconf 90' lang='lat' dir='ltr'>haec</span> <span class='ocrx_word' id='word_1_76' title='bbox 731 1143 770 1202; x_wconf 89' lang='lat' dir='ltr'>ad</span> <span class='ocrx_word' id='word_1_77' title='bbox 793 1144 990 1203; x_wconf 85' lang='lat' dir='ltr'>refellendum</span> <span class='ocrx_word' id='word_1_78' title='bbox 1016 1144 1221 1203; x_wconf 85' lang='lat' dir='ltr'>adversarium</span> <span class='ocrx_word' id='word_1_79' title='bbox 1246 1145 1322 1203; x_wconf 90' lang='lat' dir='ltr'>nihil</span> <span class='ocrx_word' id='word_1_80' title='bbox 1340 1146 1453 1204; x_wconf 89' lang='lat' dir='ltr'>valent:</span> 
     </span>
     <span class='ocr_line' id='line_1_10' title="bbox 282 1232 1454 1309; baseline -0.001 -17"><span class='ocrx_word' id='word_1_81' title='bbox 282 1233 437 1309; x_wconf 89' lang='lat' dir='ltr'>quaeritur</span> <span class='ocrx_word' id='word_1_82' title='bbox 467 1233 545 1291; x_wconf 93' lang='lat' dir='ltr'>enim</span> <span class='ocrx_word' id='word_1_83' title='bbox 573 1253 645 1290; x_wconf 92' lang='lat' dir='ltr'>num</span> <span class='ocrx_word' id='word_1_84' title='bbox 673 1232 855 1294; x_wconf 82' lang='lat' dir='ltr'>divinatione</span> <span class='ocrx_word' id='word_1_85' title='bbox 879 1233 1032 1309; x_wconf 89' lang='lat' dir='ltr'>procurari</span> <span class='ocrx_word' id='word_1_86' title='bbox 1055 1234 1193 1308; x_wconf 90' lang='lat' dir='ltr'>flectique</span> <span class='ocrx_word' id='word_1_87' title='bbox 1217 1234 1334 1309; x_wconf 78' lang='lat' dir='ltr'>possint</span> <span class='ocrx_word' id='word_1_88' title='bbox 1360 1234 1454 1292; x_wconf 90' lang='lat' dir='ltr'>immi·</span> 
     </span>
     <span class='ocr_line' id='line_1_11' title="bbox 282 1322 1454 1398; baseline 0 -17"><span class='ocrx_word' id='word_1_89' title='bbox 282 1323 393 1398; x_wconf 87' lang='lat' dir='ltr'>nentia,</span> <span class='ocrx_word' id='word_1_90' title='bbox 411 1341 471 1382; x_wconf 93' lang='lat' dir='ltr'>non</span> <span class='ocrx_word' id='word_1_91' title='bbox 490 1323 591 1397; x_wconf 85' lang='lat' dir='ltr'>agitur</span> <span class='ocrx_word' id='word_1_92' title='bbox 610 1323 646 1380; x_wconf 92' lang='lat' dir='ltr'>de</span> <span class='ocrx_word' id='word_1_93' title='bbox 665 1341 758 1396; x_wconf 88' lang='lat' dir='ltr'>parva</span> <span class='ocrx_word' id='word_1_94' title='bbox 774 1322 929 1396; x_wconf 89' lang='lat' dir='ltr'>voluptate</span> <span class='ocrx_word' id='word_1_95' title='bbox 946 1341 982 1380; x_wconf 83' lang='lat' dir='ltr'>ex</span> <span class='ocrx_word' id='word_1_96' title='bbox 995 1323 1187 1398; x_wconf 88' lang='lat' dir='ltr'>praesciendo</span> <span class='ocrx_word' id='word_1_97' title='bbox 1202 1322 1335 1382; x_wconf 89' lang='lat' dir='ltr'>oriunda.</span> <span class='ocrx_word' id='word_1_98' title='bbox 1353 1324 1454 1398; x_wconf 90' lang='lat' dir='ltr'>itaque</span> 
     </span>
     <span class='ocr_line' id='line_1_12' title="bbox 283 1401 1454 1491; baseline 0.001 -22"><span class='ocrx_word' id='word_1_99' title='bbox 283 1431 319 1470; x_wconf 82' lang='lat' dir='ltr'>ex</span> <span class='ocrx_word' id='word_1_100' title='bbox 342 1430 396 1472; x_wconf 86' lang='lat' dir='ltr'>aua</span> <span class='ocrx_word' id='word_1_101' title='bbox 421 1429 528 1469; x_wconf 84' lang='lat' dir='ltr'>suaeve</span> <span class='ocrx_word' id='word_1_102' title='bbox 552 1411 672 1470; x_wconf 89' lang='lat' dir='ltr'>scholae</span> <span class='ocrx_word' id='word_1_103' title='bbox 696 1411 831 1470; x_wconf 89' lang='lat' dir='ltr'>doctrina</span> <span class='ocrx_word' id='word_1_104' title='bbox 854 1410 1057 1487; x_wconf 83' lang='lat' dir='ltr'>Diogenianus</span> <span class='ocrx_word' id='word_1_105' title='bbox 1081 1401 1150 1491; x_wconf 89' lang='lat' dir='ltr'>(aut</span> <span class='ocrx_word' id='word_1_106' title='bbox 1173 1411 1239 1470; x_wconf 87' lang='lat' dir='ltr'>fons</span> <span class='ocrx_word' id='word_1_107' title='bbox 1262 1403 1359 1489; x_wconf 86' lang='lat' dir='ltr'>illius)</span> <span class='ocrx_word' id='word_1_108' title='bbox 1383 1413 1454 1470; x_wconf 89' lang='lat' dir='ltr'>haec</span> 
     </span>
     <span class='ocr_line' id='line_1_13' title="bbox 282 1499 1454 1578; baseline 0.002 -20"><span class='ocrx_word' id='word_1_109' title='bbox 282 1500 407 1578; x_wconf 76' lang='lat' dir='ltr'>addidit,</span> <span class='ocrx_word' id='word_1_110' title='bbox 425 1501 532 1576; x_wconf 89' lang='lat' dir='ltr'>quibus</span> <span class='ocrx_word' id='word_1_111' title='bbox 552 1500 694 1576; x_wconf 87' lang='lat' dir='ltr'>probaret</span> <span class='ocrx_word' id='word_1_112' title='bbox 711 1519 808 1576; x_wconf 93' lang='lat' dir='ltr'>neque</span> <span class='ocrx_word' id='word_1_113' title='bbox 827 1499 905 1559; x_wconf 91' lang='lat' dir='ltr'>bona</span> <span class='ocrx_word' id='word_1_114' title='bbox 924 1519 1019 1576; x_wconf 89' lang='lat' dir='ltr'>neque</span> <span class='ocrx_word' id='word_1_115' title='bbox 1033 1501 1114 1558; x_wconf 90' lang='lat' dir='ltr'>mala</span> <span class='ocrx_word' id='word_1_116' title='bbox 1127 1501 1277 1576; x_wconf 79' lang='lat' dir='ltr'>praescire</span> <span class='ocrx_word' id='word_1_117' title='bbox 1292 1501 1366 1558; x_wconf 88' lang='lat' dir='ltr'>utile</span> <span class='ocrx_word' id='word_1_118' title='bbox 1381 1519 1454 1560; x_wconf 88' lang='lat' dir='ltr'>esse.</span> 
     </span>
     <span class='ocr_line' id='line_1_14' title="bbox 282 1588 1455 1665; baseline 0 -18"><span class='ocrx_word' id='word_1_119' title='bbox 282 1591 355 1648; x_wconf 87' lang='lat' dir='ltr'>haec</span> <span class='ocrx_word' id='word_1_120' title='bbox 373 1609 444 1648; x_wconf 88' lang='lat' dir='ltr'>vero</span> <span class='ocrx_word' id='word_1_121' title='bbox 463 1590 528 1648; x_wconf 87' lang='lat' dir='ltr'>tota</span> <span class='ocrx_word' id='word_1_122' title='bbox 548 1589 696 1662; x_wconf 89' lang='lat' dir='ltr'>doctrina,</span> <span class='ocrx_word' id='word_1_123' title='bbox 719 1588 865 1664; x_wconf 86' lang='lat' dir='ltr'>imprimis</span> <span class='ocrx_word' id='word_1_124' title='bbox 890 1589 925 1648; x_wconf 94' lang='lat' dir='ltr'>de</span> <span class='ocrx_word' id='word_1_125' title='bbox 944 1590 1163 1665; x_wconf 73' lang='lat' dir='ltr'>exspectatione</span> <span class='ocrx_word' id='word_1_126' title='bbox 1183 1589 1327 1648; x_wconf 91' lang='lat' dir='ltr'>bonorum</span> <span class='ocrx_word' id='word_1_127' title='bbox 1346 1608 1455 1665; x_wconf 87' lang='lat' dir='ltr'>magna</span> 
     </span>
     <span class='ocr_line' id='line_1_15' title="bbox 282 1669 1453 1759; baseline -0.001 -22"><span class='ocrx_word' id='word_1_128' title='bbox 282 1696 376 1754; x_wconf 88' lang='lat' dir='ltr'>parva</span> <span class='ocrx_word' id='word_1_129' title='bbox 390 1679 539 1740; x_wconf 87' lang='lat' dir='ltr'>malorum</span> <span class='ocrx_word' id='word_1_130' title='bbox 552 1678 646 1753; x_wconf 88' lang='lat' dir='ltr'>deque</span> <span class='ocrx_word' id='word_1_131' title='bbox 660 1678 792 1737; x_wconf 89' lang='lat' dir='ltr'>naturali</span> <span class='ocrx_word' id='word_1_132' title='bbox 806 1679 843 1736; x_wconf 87' lang='lat' dir='ltr'>ad</span> <span class='ocrx_word' id='word_1_133' title='bbox 858 1678 936 1738; x_wconf 90' lang='lat' dir='ltr'>bona</span> <span class='ocrx_word' id='word_1_134' title='bbox 951 1678 1107 1755; x_wconf 81' lang='lat' dir='ltr'>dulciaque</span> <span class='ocrx_word' id='word_1_135' title='bbox 1117 1678 1263 1737; x_wconf 86' lang='lat' dir='ltr'>affinitate</span> <span class='ocrx_word' id='word_1_136' title='bbox 1272 1669 1453 1759; x_wconf 82' lang='grc' dir='ltr'>(οἰκειῶεει)</span> 
     </span>
     <span class='ocr_line' id='line_1_16' title="bbox 282 1758 1453 1848; baseline 0.001 -23"><span class='ocrx_word' id='word_1_137' title='bbox 282 1785 404 1843; x_wconf 86' lang='lat' dir='ltr'>prorsus</span> <span class='ocrx_word' id='word_1_138' title='bbox 423 1767 638 1842; x_wconf 81' lang='lat' dir='ltr'>Epicureorum</span> <span class='ocrx_word' id='word_1_139' title='bbox 657 1770 711 1842; x_wconf 79' lang='lat' dir='ltr'>est,</span> <span class='ocrx_word' id='word_1_140' title='bbox 730 1786 749 1826; x_wconf 80' lang='lat' dir='ltr'>a</span> <span class='ocrx_word' id='word_1_141' title='bbox 767 1767 875 1844; x_wconf 90' lang='lat' dir='ltr'>quibus</span> <span class='ocrx_word' id='word_1_142' title='bbox 893 1767 967 1826; x_wconf 84' lang='lat' dir='ltr'>alibi</span> <span class='ocrx_word' id='word_1_143' title='bbox 987 1759 1075 1847; x_wconf 78' lang='grc'>(4,4.</span> <span class='ocrx_word' id='word_1_144' title='bbox 1093 1769 1142 1826; x_wconf 89' lang='grc'>10.</span> <span class='ocrx_word' id='word_1_145' title='bbox 1163 1770 1213 1827; x_wconf 91' lang='grc'>16.</span> <span class='ocrx_word' id='word_1_146' title='bbox 1234 1769 1263 1840; x_wconf 87' lang='grc'>3,</span> <span class='ocrx_word' id='word_1_147' title='bbox 1284 1758 1340 1848; x_wconf 85' lang='grc'>25)</span> <span class='ocrx_word' id='word_1_148' title='bbox 1362 1762 1453 1840; x_wconf 86' lang='grc' dir='ltr'>ἐνάρ-</span> 
     </span>
     <span class='ocr_line' id='line_1_17' title="bbox 282 1856 665 1932; baseline 0.008 -16"><span class='ocrx_word' id='word_1_149' title='bbox 282 1872 373 1928; x_wconf 89' lang='grc' dir='ltr'>γειαν</span> <span class='ocrx_word' id='word_1_150' title='bbox 392 1875 510 1932; x_wconf 89' lang='lat' dir='ltr'>quoque</span> <span class='ocrx_word' id='word_1_151' title='bbox 529 1856 665 1932; x_wconf 86' lang='lat' dir='ltr'>sumpsit.</span> 
     </span>
    </p>

    <p class='ocr_par' dir='ltr' id='par_1_3' title="bbox 371 1944 1454 2022">
     <span class='ocr_line' id='line_1_18' title="bbox 371 1944 1454 2022; baseline 0.001 -19"><span class='ocrx_word' id='word_1_152' title='bbox 371 1945 486 2005; x_wconf 86' lang='lat' dir='ltr'>Deinde</span> <span class='ocrx_word' id='word_1_153' title='bbox 505 1944 708 2022; x_wconf 84' lang='lat' dir='ltr'>Diogenianus</span> <span class='ocrx_word' id='word_1_154' title='bbox 727 1945 794 2004; x_wconf 89' lang='lat' dir='ltr'>aliis</span> <span class='ocrx_word' id='word_1_155' title='bbox 813 1946 967 2005; x_wconf 89' lang='lat' dir='ltr'>recensitis</span> <span class='ocrx_word' id='word_1_156' title='bbox 985 1945 1169 2020; x_wconf 89' lang='lat' dir='ltr'>philosophis</span> <span class='ocrx_word' id='word_1_157' title='bbox 1190 1944 1390 2022; x_wconf 81' lang='lat' dir='ltr'>Chrysippum</span> <span class='ocrx_word' id='word_1_158' title='bbox 1409 1965 1454 2004; x_wconf 90' lang='lat' dir='ltr'>re-</span> 
     </span>
    </p>

    <p class='ocr_par' dir='ltr' id='par_1_4' title="bbox 240 2035 1453 2628">
     <span class='ocr_line' id='line_1_19' title="bbox 282 2035 1451 2111; baseline -0.002 -17"><span class='ocrx_word' id='word_1_159' title='bbox 282 2035 460 2095; x_wconf 88' lang='lat' dir='ltr'>vincendum</span> <span class='ocrx_word' id='word_1_160' title='bbox 483 2052 643 2111; x_wconf 84' lang='lat' dir='ltr'>aggressus</span> <span class='ocrx_word' id='word_1_161' title='bbox 668 2038 716 2093; x_wconf 90' lang='lat' dir='ltr'>est</span> <span class='ocrx_word' id='word_1_162' title='bbox 734 2053 817 2094; x_wconf 87' lang='lat' dir='ltr'>suam</span> <span class='ocrx_word' id='word_1_163' title='bbox 838 2035 900 2093; x_wconf 91' lang='lat' dir='ltr'>sine</span> <span class='ocrx_word' id='word_1_164' title='bbox 920 2035 1009 2093; x_wconf 91' lang='lat' dir='ltr'>dubio</span> <span class='ocrx_word' id='word_1_165' title='bbox 1029 2035 1064 2092; x_wconf 90' lang='lat' dir='ltr'>de</span> <span class='ocrx_word' id='word_1_166' title='bbox 1084 2035 1162 2092; x_wconf 90' lang='lat' dir='ltr'>feto</span> <span class='ocrx_word' id='word_1_167' title='bbox 1182 2035 1361 2094; x_wconf 90' lang='lat' dir='ltr'>sententiam</span> <span class='ocrx_word' id='word_1_168' title='bbox 1379 2037 1451 2093; x_wconf 91' lang='lat' dir='ltr'>tam-</span> 
     </span>
     <span class='ocr_line' id='line_1_20' title="bbox 240 2112 1452 2199; baseline -0.001 -18"><span class='ocrx_word' id='word_1_169' title='bbox 240 2112 244 2120; x_wconf 69' lang='grc'><strong>’</strong></span> <span class='ocrx_word' id='word_1_170' title='bbox 283 2143 373 2198; x_wconf 91' lang='lat' dir='ltr'>quam</span> <span class='ocrx_word' id='word_1_171' title='bbox 391 2124 528 2182; x_wconf 87' lang='lat' dir='ltr'>ultimam</span> <span class='ocrx_word' id='word_1_172' title='bbox 547 2141 696 2199; x_wconf 90' lang='lat' dir='ltr'>unamque</span> <span class='ocrx_word' id='word_1_173' title='bbox 714 2143 816 2183; x_wconf 91' lang='lat' dir='ltr'>veram</span> <span class='ocrx_word' id='word_1_174' title='bbox 835 2123 1032 2199; x_wconf 85' lang='lat' dir='ltr'>expositurus.</span> <span class='ocrx_word' id='word_1_175' title='bbox 1065 2124 1096 2180; x_wconf 92' lang='lat' dir='ltr'>in</span> <span class='ocrx_word' id='word_1_176' title='bbox 1114 2124 1169 2182; x_wconf 87' lang='lat' dir='ltr'>hoc</span> <span class='ocrx_word' id='word_1_177' title='bbox 1189 2143 1276 2199; x_wconf 88' lang='lat' dir='ltr'>quem</span> <span class='ocrx_word' id='word_1_178' title='bbox 1296 2127 1452 2183; x_wconf 90' lang='lat' dir='ltr'>secuturus</span> 
     </span>
     <span class='ocr_line' id='line_1_21' title="bbox 284 2211 1453 2288; baseline -0.001 -17"><span class='ocrx_word' id='word_1_179' title='bbox 284 2213 323 2272; x_wconf 89' lang='lat' dir='ltr'>sit</span> <span class='ocrx_word' id='word_1_180' title='bbox 338 2216 489 2271; x_wconf 76' lang='lat' dir='ltr'>auctorem</span> <span class='ocrx_word' id='word_1_181' title='bbox 505 2213 590 2271; x_wconf 88' lang='lat' dir='ltr'>nobis</span> <span class='ocrx_word' id='word_1_182' title='bbox 603 2232 663 2272; x_wconf 92' lang='lat' dir='ltr'>non</span> <span class='ocrx_word' id='word_1_183' title='bbox 678 2212 760 2285; x_wconf 80' lang='lat' dir='ltr'>dixit,</span> <span class='ocrx_word' id='word_1_184' title='bbox 780 2213 855 2272; x_wconf 89' lang='lat' dir='ltr'>dixit</span> <span class='ocrx_word' id='word_1_185' title='bbox 868 2213 899 2274; x_wconf 89' lang='lat' dir='ltr'>in</span> <span class='ocrx_word' id='word_1_186' title='bbox 918 2211 1144 2271; x_wconf 84' lang='lat' dir='ltr'>divinatione</span> <span class='ocrx_word' id='word_1_187' title='bbox 1165 2213 1253 2270; x_wconf 90' lang='lat' dir='ltr'>simul</span> <span class='ocrx_word' id='word_1_188' title='bbox 1268 2213 1453 2288; x_wconf 85' lang='lat' dir='ltr'>explananda</span> 
     </span>
     <span class='ocr_line' id='line_1_22' title="bbox 282 2292 1452 2382; baseline -0.001 -22"><span class='ocrx_word' id='word_1_189' title='bbox 282 2292 326 2382; x_wconf 83' lang='lat'>(4,</span> <span class='ocrx_word' id='word_1_190' title='bbox 343 2294 399 2380; x_wconf 83' lang='grc'>29)</span> <span class='ocrx_word' id='word_1_191' title='bbox 422 2295 505 2360; x_wconf 87' lang='grc' dir='ltr'>ἀλλὰ</span> <span class='ocrx_word' id='word_1_192' title='bbox 528 2297 600 2373; x_wconf 85' lang='grc' dir='ltr'>περὶ</span> <span class='ocrx_word' id='word_1_193' title='bbox 619 2298 676 2375; x_wconf 83' lang='grc' dir='ltr'>μὲν</span> <span class='ocrx_word' id='word_1_194' title='bbox 699 2301 757 2361; x_wconf 83' lang='grc' dir='ltr'>τοῦ</span> <span class='ocrx_word' id='word_1_195' title='bbox 781 2298 821 2376; x_wconf 88' lang='grc' dir='ltr'>μὴ</span> <span class='ocrx_word' id='word_1_196' title='bbox 847 2296 1030 2362; x_wconf 83' lang='grc' dir='ltr'>τυνεετάναι</span> <span class='ocrx_word' id='word_1_197' title='bbox 1053 2300 1149 2360; x_wconf 83' lang='grc' dir='ltr'>τοῦτο</span> <span class='ocrx_word' id='word_1_198' title='bbox 1174 2298 1452 2376; x_wconf 88' lang='grc' dir='ltr'>ὃπροειλήφαμεν</span> 
     </span>
     <span class='ocr_line' id='line_1_23' title="bbox 284 2384 1453 2464; baseline -0.001 -15"><span class='ocrx_word' id='word_1_199' title='bbox 284 2389 394 2449; x_wconf 85' lang='grc' dir='ltr'>καλεῖν</span> <span class='ocrx_word' id='word_1_200' title='bbox 413 2387 563 2464; x_wconf 86' lang='grc' dir='ltr'>μαντικὴν</span> <span class='ocrx_word' id='word_1_201' title='bbox 577 2386 613 2450; x_wconf 89' lang='grc' dir='ltr'>ἐν</span> <span class='ocrx_word' id='word_1_202' title='bbox 631 2384 740 2450; x_wconf 78' lang='grc' dir='ltr'>ἄλλοι(</span> <span class='ocrx_word' id='word_1_203' title='bbox 755 2385 965 2463; x_wconf 83' lang='grc' dir='ltr'>ἀποδώεομεν</span> <span class='ocrx_word' id='word_1_204' title='bbox 979 2386 1194 2463; x_wconf 85' lang='grc' dir='ltr'>πληρέετερον</span> <span class='ocrx_word' id='word_1_205' title='bbox 1209 2387 1453 2463; x_wconf 86' lang='grc' dir='ltr'>παρατιθέμενοι</span> 
     </span>
     <span class='ocr_line' id='line_1_24' title="bbox 282 2473 1453 2557; baseline -0.002 -19"><span class='ocrx_word' id='word_1_206' title='bbox 282 2474 325 2538; x_wconf 86' lang='grc' dir='ltr'>τὰ</span> <span class='ocrx_word' id='word_1_207' title='bbox 344 2473 551 2557; x_wconf 84' lang='grc' dir='ltr'>Ἐπικούρῳ</span> <span class='ocrx_word' id='word_1_208' title='bbox 572 2475 630 2538; x_wconf 87' lang='grc' dir='ltr'>καὶ</span> <span class='ocrx_word' id='word_1_209' title='bbox 650 2475 737 2552; x_wconf 88' lang='grc' dir='ltr'>περὶ</span> <span class='ocrx_word' id='word_1_210' title='bbox 755 2474 896 2539; x_wconf 90' lang='grc' dir='ltr'>τούτου</span> <span class='ocrx_word' id='word_1_211' title='bbox 915 2477 1117 2538; x_wconf 83' lang='grc' dir='ltr'>δοκοῦντα.</span> <span class='ocrx_word' id='word_1_212' title='bbox 1151 2480 1217 2554; x_wconf 89' lang='lat' dir='ltr'>quis</span> <span class='ocrx_word' id='word_1_213' title='bbox 1237 2479 1364 2554; x_wconf 85' lang='lat' dir='ltr'>dubitat,</span> <span class='ocrx_word' id='word_1_214' title='bbox 1382 2479 1453 2554; x_wconf 89' lang='lat' dir='ltr'>quin</span> 
     </span>
     <span class='ocr_line' id='line_1_25' title="bbox 282 2567 904 2628; baseline 0.002 -2"><span class='ocrx_word' id='word_1_215' title='bbox 282 2567 360 2627; x_wconf 89' lang='lat' dir='ltr'>idem</span> <span class='ocrx_word' id='word_1_216' title='bbox 380 2568 492 2626; x_wconf 88' lang='lat' dir='ltr'>arbiter</span> <span class='ocrx_word' id='word_1_217' title='bbox 511 2568 602 2627; x_wconf 88' lang='lat' dir='ltr'>fuerit</span> <span class='ocrx_word' id='word_1_218' title='bbox 620 2569 674 2628; x_wconf 89' lang='lat' dir='ltr'>fati</span> <span class='ocrx_word' id='word_1_219' title='bbox 693 2567 904 2628; x_wconf 84' lang='lat' dir='ltr'>abiudicandi?</span> 
     </span>
    </p>

    <p class='ocr_par' dir='ltr' id='par_1_5' title="bbox 281 2657 1453 4068">
     <span class='ocr_line' id='line_1_26' title="bbox 370 2657 1453 2733; baseline 0 -19"><span class='ocrx_word' id='word_1_220' title='bbox 370 2657 504 2732; x_wconf 89' lang='lat' dir='ltr'>Denique</span> <span class='ocrx_word' id='word_1_221' title='bbox 515 2658 638 2716; x_wconf 89' lang='lat' dir='ltr'>tertium</span> <span class='ocrx_word' id='word_1_222' title='bbox 653 2657 1010 2732; x_wconf 85' lang='lat' dir='ltr'>sequaturtestimonium</span> <span class='ocrx_word' id='word_1_223' title='bbox 1025 2658 1209 2716; x_wconf 86' lang='lat' dir='ltr'>extrinsecus</span> <span class='ocrx_word' id='word_1_224' title='bbox 1219 2657 1357 2733; x_wconf 89' lang='lat' dir='ltr'>petitum.</span> <span class='ocrx_word' id='word_1_225' title='bbox 1382 2657 1453 2715; x_wconf 81' lang='lat' dir='ltr'>llus.</span> 
     </span>
     <span class='ocr_line' id='line_1_27' title="bbox 281 2742 1452 2825; baseline -0.001 -21"><span class='ocrx_word' id='word_1_226' title='bbox 281 2746 335 2804; x_wconf 83' lang='lat' dir='ltr'>Pn</span> <span class='ocrx_word' id='word_1_227' title='bbox 350 2746 394 2804; x_wconf 93' lang='lat' dir='ltr'>lV</span> <span class='ocrx_word' id='word_1_228' title='bbox 409 2767 435 2821; x_wconf 91' lang='lat' dir='ltr'>p.</span> <span class='ocrx_word' id='word_1_229' title='bbox 454 2745 552 2805; x_wconf 88' lang='grc' dir='ltr'><strong>139Β</strong></span> <span class='ocrx_word' id='word_1_230' title='bbox 571 2748 736 2822; x_wconf 87' lang='lat' dir='ltr'>proclamat</span> <span class='ocrx_word' id='word_1_231' title='bbox 755 2743 790 2806; x_wconf 81' lang='grc' dir='ltr'>εύ</span> <span class='ocrx_word' id='word_1_232' title='bbox 804 2763 841 2818; x_wconf 89' lang='grc' dir='ltr'>γε</span> <span class='ocrx_word' id='word_1_233' title='bbox 857 2744 918 2821; x_wconf 88' lang='grc' dir='ltr'>μὴν</span> <span class='ocrx_word' id='word_1_234' title='bbox 933 2742 1019 2819; x_wconf 91' lang='grc' dir='ltr'>παρὰ</span> <span class='ocrx_word' id='word_1_235' title='bbox 1034 2746 1139 2825; x_wconf 75' lang='grc' dir='ltr'>(αυτῷ</span> <span class='ocrx_word' id='word_1_236' title='bbox 1158 2743 1278 2819; x_wconf 86' lang='grc' dir='ltr'>εκέψαι,</span> <span class='ocrx_word' id='word_1_237' title='bbox 1298 2744 1368 2804; x_wconf 85' lang='grc' dir='ltr'>πῶε</span> <span class='ocrx_word' id='word_1_238' title='bbox 1381 2742 1452 2804; x_wconf 81' lang='grc' dir='ltr'>Ἕλ-</span> 
     </span>
     <span class='ocr_line' id='line_1_28' title="bbox 283 2830 1452 2910; baseline -0.004 -14"><span class='ocrx_word' id='word_1_239' title='bbox 283 2834 377 2909; x_wconf 87' lang='grc' dir='ltr'>ληνεε</span> <span class='ocrx_word' id='word_1_240' title='bbox 396 2830 488 2894; x_wconf 67' lang='grc' dir='ltr'>ὄντες</span> <span class='ocrx_word' id='word_1_241' title='bbox 507 2831 558 2894; x_wconf 83' lang='grc' dir='ltr'>καὶ</span> <span class='ocrx_word' id='word_1_242' title='bbox 576 2833 635 2909; x_wconf 91' lang='grc' dir='ltr'>τὴν</span> <span class='ocrx_word' id='word_1_243' title='bbox 648 2831 810 2910; x_wconf 84' lang='grc' dir='ltr'>Ἑλλήνων</span> <span class='ocrx_word' id='word_1_244' title='bbox 830 2832 1012 2909; x_wconf 83' lang='grc' dir='ltr'>εύντροφον</span> <span class='ocrx_word' id='word_1_245' title='bbox 1032 2830 1178 2894; x_wconf 84' lang='grc' dir='ltr'>παιδείαν</span> <span class='ocrx_word' id='word_1_246' title='bbox 1193 2831 1228 2893; x_wconf 89' lang='grc' dir='ltr'>ἐκ</span> <span class='ocrx_word' id='word_1_247' title='bbox 1243 2832 1317 2894; x_wconf 79' lang='grc' dir='ltr'>νέαι</span> <span class='ocrx_word' id='word_1_248' title='bbox 1331 2830 1452 2907; x_wconf 87' lang='grc' dir='ltr'>ἡλικίαε</span> 
     </span>
     <span class='ocr_line' id='line_1_29' title="bbox 282 2918 1452 2999; baseline -0.002 -16"><span class='ocrx_word' id='word_1_249' title='bbox 282 2919 468 2999; x_wconf 88' lang='grc' dir='ltr'>κτηεάμενοι</span> <span class='ocrx_word' id='word_1_250' title='bbox 493 2918 533 2982; x_wconf 89' lang='grc' dir='ltr'>τά</span> <span class='ocrx_word' id='word_1_251' title='bbox 554 2940 590 2984; x_wconf 92' lang='grc' dir='ltr'>τε</span> <span class='ocrx_word' id='word_1_252' title='bbox 617 2919 732 2998; x_wconf 89' lang='grc' dir='ltr'>πάτρια</span> <span class='ocrx_word' id='word_1_253' title='bbox 752 2921 824 2997; x_wconf 91' lang='grc' dir='ltr'>περὶ</span> <span class='ocrx_word' id='word_1_254' title='bbox 843 2923 928 2984; x_wconf 88' lang='grc' dir='ltr'>θεῶν</span> <span class='ocrx_word' id='word_1_255' title='bbox 947 2919 1078 2983; x_wconf 88' lang='grc' dir='ltr'>πάντων</span> <span class='ocrx_word' id='word_1_256' title='bbox 1102 2923 1225 2997; x_wconf 87' lang='grc' dir='ltr'>μᾶλλον</span> <span class='ocrx_word' id='word_1_257' title='bbox 1244 2918 1452 2995; x_wconf 88' lang='grc' dir='ltr'>διεγνωκότεε</span> 
     </span>
     <span class='ocr_line' id='line_1_30' title="bbox 282 3007 1452 3087; baseline -0.003 -13"><span class='ocrx_word' id='word_1_258' title='bbox 282 3007 522 3087; x_wconf 84' lang='grc' dir='ltr'>Ἀριετοτελικοὶ</span> <span class='ocrx_word' id='word_1_259' title='bbox 541 3007 659 3073; x_wconf 85' lang='grc' dir='ltr'>πάντεε</span> <span class='ocrx_word' id='word_1_260' title='bbox 680 3009 803 3073; x_wconf 87' lang='grc' dir='ltr'>Κύνικοί</span> <span class='ocrx_word' id='word_1_261' title='bbox 822 3030 856 3072; x_wconf 89' lang='grc' dir='ltr'>τε</span> <span class='ocrx_word' id='word_1_262' title='bbox 876 3009 927 3073; x_wconf 87' lang='grc' dir='ltr'>καὶ</span> <span class='ocrx_word' id='word_1_263' title='bbox 946 3007 1151 3086; x_wconf 85' lang='grc' dir='ltr'>Ἐπικούρειοι</span> <span class='ocrx_word' id='word_1_264' title='bbox 1171 3009 1220 3071; x_wconf 89' lang='grc' dir='ltr'>καὶ</span> <span class='ocrx_word' id='word_1_265' title='bbox 1239 3007 1307 3072; x_wconf 77' lang='lat' dir='ltr'>deor</span> <span class='ocrx_word' id='word_1_266' title='bbox 1326 3009 1452 3072; x_wconf 87' lang='grc' dir='ltr'>τούτοιε</span> 
     </span>
     <span class='ocr_line' id='line_1_31' title="bbox 282 3095 1453 3178; baseline -0.002 -17"><span class='ocrx_word' id='word_1_267' title='bbox 282 3097 465 3177; x_wconf 84' lang='grc' dir='ltr'>ἐφρόνηεαν</span> <span class='ocrx_word' id='word_1_268' title='bbox 493 3097 532 3160; x_wconf 89' lang='grc' dir='ltr'>τὰ</span> <span class='ocrx_word' id='word_1_269' title='bbox 558 3100 760 3178; x_wconf 87' lang='grc' dir='ltr'>παραπλήειοι</span> <span class='ocrx_word' id='word_1_270' title='bbox 788 3101 854 3161; x_wconf 94' lang='grc' dir='ltr'>τῶν</span> <span class='ocrx_word' id='word_1_271' title='bbox 883 3095 961 3176; x_wconf 82' lang='grc' dir='ltr'>παρ&gt;</span> <span class='ocrx_word' id='word_1_272' title='bbox 987 3097 1096 3161; x_wconf 70' lang='grc' dir='ltr'>αὐτοῖς</span> <span class='ocrx_word' id='word_1_273' title='bbox 1125 3097 1252 3174; x_wconf 82' lang='grc' dir='ltr'>Ἕλληει</span> <span class='ocrx_word' id='word_1_274' title='bbox 1280 3099 1453 3177; x_wconf 87' lang='grc' dir='ltr'>βοωμὲνων</span> 
     </span>
     <span class='ocr_line' id='line_1_32' title="bbox 283 3184 1451 3266; baseline -0.002 -15"><span class='ocrx_word' id='word_1_275' title='bbox 283 3186 440 3265; x_wconf 90' lang='grc' dir='ltr'>μαντείων</span> <span class='ocrx_word' id='word_1_276' title='bbox 460 3188 682 3262; x_wconf 86' lang='grc' dir='ltr'>κατεγέλαεαν.</span> <span class='ocrx_word' id='word_1_277' title='bbox 714 3192 832 3250; x_wconf 84' lang='lat' dir='ltr'>eosdem</span> <span class='ocrx_word' id='word_1_278' title='bbox 847 3191 997 3266; x_wconf 86' lang='lat' dir='ltr'>componit</span> <span class='ocrx_word' id='word_1_279' title='bbox 1014 3211 1042 3266; x_wconf 90' lang='lat' dir='ltr'>p.</span> <span class='ocrx_word' id='word_1_280' title='bbox 1059 3193 1121 3251; x_wconf 87' lang='lat'>136</span> <span class='ocrx_word' id='word_1_281' title='bbox 1133 3191 1172 3249; x_wconf 90' lang='lat' dir='ltr'>B:</span> <span class='ocrx_word' id='word_1_282' title='bbox 1192 3185 1222 3250; x_wconf 83' lang='grc' dir='ltr'>οἱ</span> <span class='ocrx_word' id='word_1_283' title='bbox 1236 3185 1301 3249; x_wconf 89' lang='grc' dir='ltr'>ἀπὸ</span> <span class='ocrx_word' id='word_1_284' title='bbox 1316 3184 1451 3264; x_wconf 86' lang='grc' dir='ltr'>Ἀριετο-</span> 
     </span>
     <span class='ocr_line' id='line_1_33' title="bbox 282 3273 1452 3354; baseline -0.001 -16"><span class='ocrx_word' id='word_1_285' title='bbox 282 3278 395 3340; x_wconf 83' lang='grc' dir='ltr'>τέλουτ</span> <span class='ocrx_word' id='word_1_286' title='bbox 416 3276 467 3339; x_wconf 85' lang='grc' dir='ltr'>καὶ</span> <span class='ocrx_word' id='word_1_287' title='bbox 486 3275 604 3340; x_wconf 84' lang='grc' dir='ltr'>πάντεε</span> <span class='ocrx_word' id='word_1_288' title='bbox 623 3275 653 3340; x_wconf 84' lang='grc' dir='ltr'>οἱ</span> <span class='ocrx_word' id='word_1_289' title='bbox 673 3281 803 3354; x_wconf 83' lang='grc' dir='ltr'>καθεξῆε</span> <span class='ocrx_word' id='word_1_290' title='bbox 826 3279 884 3340; x_wconf 82' lang='grc' dir='ltr'>τοῦ</span> <span class='ocrx_word' id='word_1_291' title='bbox 908 3275 1085 3353; x_wconf 87' lang='grc' dir='ltr'>περιπάτου</span> <span class='ocrx_word' id='word_1_292' title='bbox 1107 3274 1229 3339; x_wconf 86' lang='grc' dir='ltr'>Κυνικοί</span> <span class='ocrx_word' id='word_1_293' title='bbox 1248 3296 1282 3339; x_wconf 93' lang='grc' dir='ltr'>τε</span> <span class='ocrx_word' id='word_1_294' title='bbox 1302 3276 1353 3338; x_wconf 87' lang='grc' dir='ltr'>καὶ</span> <span class='ocrx_word' id='word_1_295' title='bbox 1371 3273 1452 3338; x_wconf 80' lang='grc' dir='ltr'>Ἐπι-</span> 
     </span>
     <span class='ocr_line' id='line_1_34' title="bbox 283 3364 1452 3444; baseline -0.002 -15"><span class='ocrx_word' id='word_1_296' title='bbox 283 3366 435 3443; x_wconf 82' lang='grc' dir='ltr'>κούρειοι,</span> <span class='ocrx_word' id='word_1_297' title='bbox 463 3365 519 3431; x_wconf 82' lang='lat' dir='ltr'>otlc</span> <span class='ocrx_word' id='word_1_298' title='bbox 543 3366 593 3429; x_wconf 87' lang='grc' dir='ltr'>καί</span> <span class='ocrx_word' id='word_1_299' title='bbox 617 3364 748 3444; x_wconf 82' lang='grc' dir='ltr'>μάλιετα</span> <span class='ocrx_word' id='word_1_300' title='bbox 776 3365 879 3442; x_wconf 83' lang='grc' dir='ltr'>ἔγωγε</span> <span class='ocrx_word' id='word_1_301' title='bbox 907 3365 1077 3442; x_wconf 85' lang='grc' dir='ltr'>ἐθαύμαεα.</span> <span class='ocrx_word' id='word_1_302' title='bbox 1114 3372 1215 3428; x_wconf 88' lang='lat' dir='ltr'>tamen</span> <span class='ocrx_word' id='word_1_303' title='bbox 1242 3369 1298 3428; x_wconf 93' lang='lat' dir='ltr'>hoc</span> <span class='ocrx_word' id='word_1_304' title='bbox 1321 3368 1352 3426; x_wconf 91' lang='lat' dir='ltr'>in</span> <span class='ocrx_word' id='word_1_305' title='bbox 1375 3369 1452 3427; x_wconf 90' lang='lat' dir='ltr'>libro</span> 
     </span>
     <span class='ocr_line' id='line_1_35' title="bbox 283 3456 1452 3533; baseline -0.002 -17"><span class='ocrx_word' id='word_1_306' title='bbox 283 3479 375 3517; x_wconf 90' lang='lat' dir='ltr'>unum</span> <span class='ocrx_word' id='word_1_307' title='bbox 394 3459 493 3517; x_wconf 84' lang='lat' dir='ltr'>adfert</span> <span class='ocrx_word' id='word_1_308' title='bbox 512 3459 742 3533; x_wconf 87' lang='lat' dir='ltr'>Diogenianum‚</span> <span class='ocrx_word' id='word_1_309' title='bbox 766 3463 828 3518; x_wconf 88' lang='lat' dir='ltr'>tres</span> <span class='ocrx_word' id='word_1_310' title='bbox 852 3464 988 3518; x_wconf 88' lang='lat' dir='ltr'>auctores</span> <span class='ocrx_word' id='word_1_311' title='bbox 1012 3459 1043 3516; x_wconf 90' lang='lat' dir='ltr'>in</span> <span class='ocrx_word' id='word_1_312' title='bbox 1068 3461 1150 3517; x_wconf 84' lang='lat' dir='ltr'>sexto</span> <span class='ocrx_word' id='word_1_313' title='bbox 1175 3459 1293 3515; x_wconf 90' lang='lat' dir='ltr'>demum</span> <span class='ocrx_word' id='word_1_314' title='bbox 1317 3457 1395 3516; x_wconf 92' lang='lat' dir='ltr'>libro</span> <span class='ocrx_word' id='word_1_315' title='bbox 1414 3456 1452 3515; x_wconf 86' lang='lat' dir='ltr'>ad</span> 
     </span>
     <span class='ocr_line' id='line_1_36' title="bbox 282 3537 1451 3628; baseline -0.003 -21"><span class='ocrx_word' id='word_1_316' title='bbox 282 3549 436 3624; x_wconf 87' lang='lat' dir='ltr'>superiora</span> <span class='ocrx_word' id='word_1_317' title='bbox 454 3548 498 3606; x_wconf 83' lang='lat' dir='ltr'>ita</span> <span class='ocrx_word' id='word_1_318' title='bbox 516 3548 676 3622; x_wconf 86' lang='lat' dir='ltr'>respiciens</span> <span class='ocrx_word' id='word_1_319' title='bbox 696 3540 739 3624; x_wconf 82' lang='lat' dir='ltr'>(p.</span> <span class='ocrx_word' id='word_1_320' title='bbox 756 3550 817 3608; x_wconf 84' lang='grc'>273</span> <span class='ocrx_word' id='word_1_321' title='bbox 831 3541 887 3628; x_wconf 83' lang='lat' dir='ltr'>A):</span> <span class='ocrx_word' id='word_1_322' title='bbox 907 3544 958 3606; x_wconf 87' lang='grc' dir='ltr'>καὶ</span> <span class='ocrx_word' id='word_1_323' title='bbox 974 3546 1043 3626; x_wconf 90' lang='grc' dir='ltr'>Ιτῶν</span> <span class='ocrx_word' id='word_1_324' title='bbox 1061 3544 1119 3620; x_wconf 84' lang='grc' dir='ltr'>μὲν</span> <span class='ocrx_word' id='word_1_325' title='bbox 1139 3537 1225 3626; x_wconf 79' lang='grc' dir='ltr'>(καθ’</span> <span class='ocrx_word' id='word_1_326' title='bbox 1239 3543 1319 3620; x_wconf 67' lang='grc' dir='ltr'>ἡμᾶς</span> <span class='ocrx_word' id='word_1_327' title='bbox 1334 3540 1451 3619; x_wconf 83' lang='grc' dir='ltr'>δογμά-</span> 
     </span>
     <span class='ocr_line' id='line_1_37' title="bbox 282 3629 1451 3716; baseline -0.001 -20"><span class='ocrx_word' id='word_1_328' title='bbox 282 3630 362 3716; x_wconf 79' lang='grc' dir='ltr'>των)</span> <span class='ocrx_word' id='word_1_329' title='bbox 391 3632 472 3710; x_wconf 85' lang='grc' dir='ltr'>πρὸε</span> <span class='ocrx_word' id='word_1_330' title='bbox 499 3633 575 3695; x_wconf 82' lang='grc' dir='ltr'>τοὺ(</span> <span class='ocrx_word' id='word_1_331' title='bbox 602 3632 770 3707; x_wconf 75' lang='grc' dir='ltr'>γενναίου(</span> <span class='ocrx_word' id='word_1_332' title='bbox 799 3633 955 3710; x_wconf 83' lang='grc' dir='ltr'>χρητμοὺε</span> <span class='ocrx_word' id='word_1_333' title='bbox 983 3632 1194 3706; x_wconf 88' lang='grc' dir='ltr'>κυνικώτερον</span> <span class='ocrx_word' id='word_1_334' title='bbox 1223 3629 1451 3695; x_wconf 89' lang='grc' dir='ltr'>ἀποταθέντων</span> 
     </span>
     <span class='ocr_line' id='line_1_38' title="bbox 281 3715 1451 3800; baseline -0.003 -15"><span class='ocrx_word' id='word_1_335' title='bbox 281 3725 348 3785; x_wconf 92' lang='grc' dir='ltr'>τῶν</span> <span class='ocrx_word' id='word_1_336' title='bbox 367 3723 403 3784; x_wconf 82' lang='grc' dir='ltr'>δὲ</span> <span class='ocrx_word' id='word_1_337' title='bbox 423 3721 505 3799; x_wconf 77' lang='grc' dir='ltr'>πρὸ(</span> <span class='ocrx_word' id='word_1_338' title='bbox 524 3721 600 3784; x_wconf 84' lang='grc' dir='ltr'>τοὺτ</span> <span class='ocrx_word' id='word_1_339' title='bbox 618 3723 816 3799; x_wconf 83' lang='grc' dir='ltr'>θαυμαετοὺε</span> <span class='ocrx_word' id='word_1_340' title='bbox 835 3719 1036 3800; x_wconf 70' lang='grc' dir='ltr'>φιλοςόφου(</span> <span class='ocrx_word' id='word_1_341' title='bbox 1055 3721 1142 3798; x_wconf 91' lang='grc' dir='ltr'>παρὰ</span> <span class='ocrx_word' id='word_1_342' title='bbox 1159 3715 1226 3783; x_wconf 88' lang='grc' dir='ltr'>Ιτῶν</span> <span class='ocrx_word' id='word_1_343' title='bbox 1245 3720 1354 3783; x_wconf 71' lang='grc' dir='ltr'>αὐτοῖς</span> <span class='ocrx_word' id='word_1_344' title='bbox 1368 3739 1451 3796; x_wconf 90' lang='grc' dir='ltr'>γνω-</span> 
     </span>
     <span class='ocr_line' id='line_1_39' title="bbox 283 3809 1451 3890; baseline -0.001 -17"><span class='ocrx_word' id='word_1_345' title='bbox 283 3811 383 3889; x_wconf 89' lang='grc' dir='ltr'>ρίμων</span> <span class='ocrx_word' id='word_1_346' title='bbox 402 3809 645 3888; x_wconf 86' lang='grc' dir='ltr'>ἀντειρημένων.</span> <span class='ocrx_word' id='word_1_347' title='bbox 678 3815 710 3872; x_wconf 93' lang='lat' dir='ltr'>hi</span> <span class='ocrx_word' id='word_1_348' title='bbox 727 3819 790 3875; x_wconf 92' lang='lat' dir='ltr'>tres</span> <span class='ocrx_word' id='word_1_349' title='bbox 809 3819 879 3873; x_wconf 82' lang='lat' dir='ltr'>sunt</span> <span class='ocrx_word' id='word_1_350' title='bbox 898 3812 1066 3874; x_wconf 88' lang='lat' dir='ltr'>Oenomaus</span> <span class='ocrx_word' id='word_1_351' title='bbox 1080 3811 1218 3890; x_wconf 83' lang='lat' dir='ltr'>Cynicus,</span> <span class='ocrx_word' id='word_1_352' title='bbox 1237 3813 1451 3889; x_wconf 81' lang='lat' dir='ltr'>Diogenianue,</span> 
     </span>
     <span class='ocr_line' id='line_1_40' title="bbox 283 3902 1450 3979; baseline -0.003 -16"><span class='ocrx_word' id='word_1_353' title='bbox 283 3905 453 3963; x_wconf 88' lang='lat' dir='ltr'>Alexander</span> <span class='ocrx_word' id='word_1_354' title='bbox 470 3903 694 3977; x_wconf 86' lang='lat' dir='ltr'>Peripateticus.</span> <span class='ocrx_word' id='word_1_355' title='bbox 731 3905 834 3979; x_wconf 90' lang='lat' dir='ltr'>itaque</span> <span class='ocrx_word' id='word_1_356' title='bbox 856 3907 993 3962; x_wconf 87' lang='lat' dir='ltr'>nostrum</span> <span class='ocrx_word' id='word_1_357' title='bbox 1017 3906 1051 3962; x_wconf 88' lang='lat' dir='ltr'>ut</span> <span class='ocrx_word' id='word_1_358' title='bbox 1074 3903 1205 3963; x_wconf 90' lang='lat' dir='ltr'>nobilem</span> <span class='ocrx_word' id='word_1_359' title='bbox 1228 3902 1376 3977; x_wconf 87' lang='lat' dir='ltr'>quendam</span> <span class='ocrx_word' id='word_1_360' title='bbox 1399 3903 1450 3960; x_wconf 88' lang='lat' dir='ltr'>ad-</span> 
     </span>
     <span class='ocr_line' id='line_1_41' title="bbox 283 3992 1193 4068; baseline -0.003 -16"><span class='ocrx_word' id='word_1_361' title='bbox 283 3994 391 4053; x_wconf 86' lang='lat' dir='ltr'>scitum</span> <span class='ocrx_word' id='word_1_362' title='bbox 410 4011 475 4052; x_wconf 88' lang='lat' dir='ltr'>esse</span> <span class='ocrx_word' id='word_1_363' title='bbox 494 3993 675 4067; x_wconf 87' lang='lat' dir='ltr'>Epicureum</span> <span class='ocrx_word' id='word_1_364' title='bbox 692 3994 787 4068; x_wconf 85' lang='lat' dir='ltr'>ipsius</span> <span class='ocrx_word' id='word_1_365' title='bbox 806 3993 928 4052; x_wconf 79' lang='lat' dir='ltr'>Eusebii</span> <span class='ocrx_word' id='word_1_366' title='bbox 946 3993 1039 4050; x_wconf 88' lang='lat' dir='ltr'>verbe</span> <span class='ocrx_word' id='word_1_367' title='bbox 1056 3992 1193 4068; x_wconf 88' lang='lat' dir='ltr'>probant.</span> 
     </span>
    </p>

    <p class='ocr_par' dir='ltr' id='par_1_6' title="bbox 281 4075 1452 4603">
     <span class='ocr_line' id='line_1_42' title="bbox 372 4075 1450 4159; baseline 0.001 -19"><span class='ocrx_word' id='word_1_368' title='bbox 372 4081 484 4142; x_wconf 80' lang='lat' dir='ltr'>Contra</span> <span class='ocrx_word' id='word_1_369' title='bbox 511 4081 715 4156; x_wconf 85' lang='lat' dir='ltr'>Diogenianus</span> <span class='ocrx_word' id='word_1_370' title='bbox 744 4082 948 4158; x_wconf 83' lang='lat' dir='ltr'>Pergamenus</span> <span class='ocrx_word' id='word_1_371' title='bbox 981 4082 1060 4156; x_wconf 89' lang='lat' dir='ltr'>apud</span> <span class='ocrx_word' id='word_1_372' title='bbox 1091 4080 1288 4140; x_wconf 85' lang='lat' dir='ltr'>Plutarchum</span> <span class='ocrx_word' id='word_1_373' title='bbox 1321 4075 1450 4159; x_wconf 78' lang='lat' dir='ltr'>(quaest.</span> 
     </span>
     <span class='ocr_line' id='line_1_43' title="bbox 283 4163 1451 4250; baseline -0.003 -20"><span class='ocrx_word' id='word_1_374' title='bbox 283 4163 365 4231; x_wconf 89' lang='lat' dir='ltr'>conv.</span> <span class='ocrx_word' id='word_1_375' title='bbox 380 4170 507 4246; x_wconf 83' lang='lat' dir='ltr'><strong>V118‚1</strong></span> <span class='ocrx_word' id='word_1_376' title='bbox 524 4171 560 4230; x_wconf 84' lang='lat' dir='ltr'>cl&#39;.</span> <span class='ocrx_word' id='word_1_377' title='bbox 572 4163 606 4250; x_wconf 87' lang='lat'>3)</span> <span class='ocrx_word' id='word_1_378' title='bbox 630 4170 763 4231; x_wconf 89' lang='lat' dir='ltr'>Platonis</span> <span class='ocrx_word' id='word_1_379' title='bbox 788 4171 921 4247; x_wconf 85' lang='lat' dir='ltr'>dialogos</span> <span class='ocrx_word' id='word_1_380' title='bbox 949 4171 979 4228; x_wconf 91' lang='lat' dir='ltr'>in</span> <span class='ocrx_word' id='word_1_381' title='bbox 1007 4170 1151 4230; x_wconf 91' lang='lat' dir='ltr'>conviviis</span> <span class='ocrx_word' id='word_1_382' title='bbox 1180 4170 1346 4229; x_wconf 90' lang='lat' dir='ltr'>recitandos</span> <span class='ocrx_word' id='word_1_383' title='bbox 1374 4188 1451 4228; x_wconf 93' lang='lat' dir='ltr'>com·</span> 
     </span>
     <span class='ocr_line' id='line_1_44' title="bbox 283 4251 1451 4341; baseline -0.002 -23"><span class='ocrx_word' id='word_1_384' title='bbox 283 4259 404 4319; x_wconf 90' lang='lat' dir='ltr'>mendat</span> <span class='ocrx_word' id='word_1_385' title='bbox 412 4259 614 4335; x_wconf 90' lang='lat' dir='ltr'>placitumque</span> <span class='ocrx_word' id='word_1_386' title='bbox 623 4258 811 4318; x_wconf 90' lang='lat' dir='ltr'>Platonicum</span> <span class='ocrx_word' id='word_1_387' title='bbox 820 4259 1012 4335; x_wconf 86' lang='lat' dir='ltr'>interpretari</span> <span class='ocrx_word' id='word_1_388' title='bbox 1021 4259 1159 4319; x_wconf 88' lang='lat' dir='ltr'>convivas</span> <span class='ocrx_word' id='word_1_389' title='bbox 1169 4259 1254 4341; x_wconf 19' lang='lat' dir='ltr'>iube-t</span> <span class='ocrx_word' id='word_1_390' title='bbox 1268 4251 1356 4336; x_wconf 83' lang='lat' dir='ltr'>(VIII</span> <span class='ocrx_word' id='word_1_391' title='bbox 1368 4261 1395 4335; x_wconf 80' lang='grc'>2,</span> <span class='ocrx_word' id='word_1_392' title='bbox 1404 4253 1451 4335; x_wconf 83' lang='lat'>1);</span> 
     </span>
     <span class='ocr_line' id='line_1_45' title="bbox 282 4347 1452 4425; baseline -0.001 -18"><span class='ocrx_word' id='word_1_393' title='bbox 282 4350 314 4407; x_wconf 91' lang='lat' dir='ltr'>in</span> <span class='ocrx_word' id='word_1_394' title='bbox 332 4348 433 4408; x_wconf 90' lang='lat' dir='ltr'>libello</span> <span class='ocrx_word' id='word_1_395' title='bbox 453 4349 489 4407; x_wconf 92' lang='lat' dir='ltr'>de</span> <span class='ocrx_word' id='word_1_396' title='bbox 503 4348 630 4424; x_wconf 86' lang='lat' dir='ltr'>Pythiae</span> <span class='ocrx_word' id='word_1_397' title='bbox 644 4349 773 4409; x_wconf 88' lang='lat' dir='ltr'>oraculis</span> <span class='ocrx_word' id='word_1_398' title='bbox 788 4348 896 4423; x_wconf 90' lang='lat' dir='ltr'>scripto</span> <span class='ocrx_word' id='word_1_399' title='bbox 911 4347 1113 4425; x_wconf 83' lang='lat' dir='ltr'>Diogenianus</span> <span class='ocrx_word' id='word_1_400' title='bbox 1127 4367 1211 4424; x_wconf 85' lang='lat' dir='ltr'>puer,</span> <span class='ocrx_word' id='word_1_401' title='bbox 1229 4347 1353 4422; x_wconf 92' lang='lat' dir='ltr'>quinon</span> <span class='ocrx_word' id='word_1_402' title='bbox 1366 4348 1452 4406; x_wconf 90' lang='lat' dir='ltr'>nulla</span> 
     </span>
     <span class='ocr_line' id='line_1_46' title="bbox 282 4427 1452 4516; baseline -0.003 -18"><span class='ocrx_word' id='word_1_403' title='bbox 282 4439 346 4515; x_wconf 88' lang='lat' dir='ltr'>ipse</span> <span class='ocrx_word' id='word_1_404' title='bbox 357 4439 412 4497; x_wconf 87' lang='lat' dir='ltr'>scit</span> <span class='ocrx_word' id='word_1_405' title='bbox 422 4438 510 4513; x_wconf 88' lang='lat' dir='ltr'>plura</span> <span class='ocrx_word' id='word_1_406' title='bbox 520 4437 638 4512; x_wconf 86' lang='lat' dir='ltr'>quaerit</span> <span class='ocrx_word' id='word_1_407' title='bbox 647 4439 788 4513; x_wconf 88' lang='lat' dir='ltr'>cuiusque</span> <span class='ocrx_word' id='word_1_408' title='bbox 797 4440 892 4514; x_wconf 87' lang='lat' dir='ltr'>pater,</span> <span class='ocrx_word' id='word_1_409' title='bbox 906 4431 957 4496; x_wconf 89' lang='lat' dir='ltr'>ille</span> <span class='ocrx_word' id='word_1_410' title='bbox 972 4438 1101 4513; x_wconf 89' lang='lat' dir='ltr'>optimus</span> <span class='ocrx_word' id='word_1_411' title='bbox 1116 4438 1247 4496; x_wconf 88' lang='lat' dir='ltr'>virorum</span> <span class='ocrx_word' id='word_1_412' title='bbox 1258 4427 1336 4516; x_wconf 86' lang='lat' dir='ltr'>(cap.</span> <span class='ocrx_word' id='word_1_413' title='bbox 1348 4431 1452 4516; x_wconf 73' lang='lat' dir='ltr'>lac),</span> 
     </span>
     <span class='ocr_line' id='line_1_47' title="bbox 281 4526 1452 4603; baseline -0.002 -16"><span class='ocrx_word' id='word_1_414' title='bbox 281 4528 410 4587; x_wconf 86' lang='lat' dir='ltr'>fortasse</span> <span class='ocrx_word' id='word_1_415' title='bbox 430 4527 632 4603; x_wconf 84' lang='lat' dir='ltr'>Pergamenus</span> <span class='ocrx_word' id='word_1_416' title='bbox 652 4529 709 4586; x_wconf 89' lang='lat' dir='ltr'>est:</span> <span class='ocrx_word' id='word_1_417' title='bbox 729 4528 777 4585; x_wconf 91' lang='lat' dir='ltr'>hic</span> <span class='ocrx_word' id='word_1_418' title='bbox 790 4546 865 4601; x_wconf 90' lang='lat' dir='ltr'>puer</span> <span class='ocrx_word' id='word_1_419' title='bbox 879 4527 1034 4585; x_wconf 88' lang='lat' dir='ltr'>nulladum</span> <span class='ocrx_word' id='word_1_420' title='bbox 1049 4527 1181 4584; x_wconf 87' lang='lat' dir='ltr'>imbutus</span> <span class='ocrx_word' id='word_1_421' title='bbox 1197 4529 1242 4584; x_wconf 91' lang='lat' dir='ltr'>est</span> <span class='ocrx_word' id='word_1_422' title='bbox 1260 4526 1452 4602; x_wconf 87' lang='lat' dir='ltr'>philosopho·</span> 
     </span>
    </p>
   </div>
   <div class='ocr_carea' id='block_1_3' title="bbox 562 4859 664 5146">
    <p class='ocr_par' dir='ltr' id='par_1_7' title="bbox 562 4859 664 5146">
     <span class='ocr_line' id='line_1_48' title="bbox 562 4859 664 5146; baseline 0 0"><span class='ocrx_word' id='word_1_423' title='bbox 562 4859 664 5146; x_wconf 79' lang='grc' dir='ltr'>λ</span> 
     </span>
    </p>
   </div>
   <div class='ocr_carea' id='block_1_4' title="bbox 0 0 1620 5192">
    <p class='ocr_par' dir='ltr' id='par_1_8' title="bbox 0 0 1620 5192">
     <span class='ocr_line' id='line_1_49' title="bbox 0 0 1620 5192; baseline 0 0"><span class='ocrx_word' id='word_1_424' title='bbox 0 0 1620 5192; x_wconf 95' lang='lat' dir='ltr'> </span> 
     </span>
    </p>
   </div>
  </div>
 </body>
</html>
