3232 5192
288 361 328 426 16
398 427 402 434 ,
470 333 472 338 ’
733 364 864 420 sifredus
884 365 1003 421 cerere:

376 533 523 592 Secuntur
540 533 627 593 haee:
651 527 780 609 ‘neque
799 535 878 593 onim
893 534 1079 612 Chrysippus
1095 536 1255 595 concedens
1274 537 1458 596 adsensionis

286 622 452 697 proximam
477 627 507 682 et
526 623 725 681 continentem
743 642 862 682 causam
884 643 948 683 esse
973 626 1004 682 in
1022 625 1086 684 viso
1112 626 1242 700 positam
1261 646 1374 702 neque
1393 645 1459 686 eam

285 730 405 770 causam
433 731 498 770 esse
522 710 560 770 ad
583 711 812 771 adsentiendum
835 715 1047 788 necessariam,
1076 714 1227 788 concedet,
1245 718 1289 773 'nt
1313 717 1338 774 si
1361 715 1459 776 omnia

285 800 348 859 fato
368 801 450 877 fiant,
469 802 569 860 omnia
587 801 685 860 causis
703 802 778 860 fiant
796 803 1038 862 antecedentibus
1058 805 1089 862 et
1106 796 1302 863 necessariis?
1335 805 1458 864 offendit

285 890 366 950 viros
391 890 492 950 doctos
516 890 627 965 duplex
650 883 777 966 ‘neque'
801 891 939 966 positum.
982 893 1082 967 itaque
1107 893 1235 951 alterum
1262 893 1349 952 eiecit
1373 894 1458 953 Lam·

285 980 382 1057 hinne,
401 979 570 1038 adsentitur
583 979 706 1055 Madvig
720 971 773 1060 (ad
787 978 845 1038 Cio.
863 981 963 1040 defin.
978 980 1022 1039 IV
1044 983 1094 1058 28,
1111 975 1165 1060 77)
1185 982 1357 1042 collaudans
1373 983 1459 1041 Lam·

286 1068 397 1126 binum.
432 1071 464 1127 at
483 1069 556 1128 haec
571 1068 729 1127 exsisteret
743 1069 903 1128 sententia:
924 1069 1109 1146 Chrysippus
1130 1071 1258 1144 quinon
1277 1071 1410 1131 concedit
1427 1072 1458 1130 in

285 1158 349 1218 viso
373 1176 440 1216 esse
457 1158 655 1232 ,adinventam
678 1176 799 1216 cansam
824 1151 868 1238 (id
893 1159 970 1234 qnod
999 1160 1178 1218 concessisse
1207 1179 1274 1218 eum
1303 1154 1457 1240 constati),

285 1247 375 1305 etiam
403 1246 601 1306 necessariam
628 1265 694 1305 esse
721 1250 814 1323 negat
842 1239 935 1324 (qnod
958 1249 1041 1306 nullo
1065 1248 1153 1328 modo
1179 1241 1344 1329 negavitl):
1369 1252 1457 1324 etque

284 1340 385 1394 tamen
409 1335 507 1394 omnia
531 1334 606 1393 dixit
630 1337 804 1395 necessariis
828 1336 892 1396 fieri
912 1337 1017 1396 causis.
1062 1337 1139 1396 hauc
1157 1335 1341 1413 Charybdim
1358 1337 1458 1398 vitans

284 1425 348 1501 ipsa
372 1424 403 1482 in
427 1423 557 1500 Scyllam
584 1423 688 1483 incidit
712 1424 804 1484 Orelli
827 1425 876 1483 vel
898 1425 1016 1503 Baiter,
1038 1425 1069 1484 id
1092 1426 1171 1502 quod
1192 1426 1321 1486 sensisse
1340 1427 1459 1487 videtur

285 1513 416 1590 Madvig.
440 1513 466 1571 is
485 1514 564 1572 enim
583 1514 659 1572 hanc
678 1513 775 1572 effecit
794 1515 987 1573 sententiam:
1013 1513 1081 1575 Chr.
1101 1515 1235 1574 concedit
1257 1516 1288 1574 in
1307 1516 1372 1576 viso
1392 1535 1458 1575 esse

285 1603 417 1678 aliquam
441 1621 561 1660 cansam
584 1621 642 1662 non
665 1621 735 1662 vero
760 1621 826 1662 esse
848 1603 1046 1663 necessariam
1070 1604 1107 1663 ad
1130 1604 1375 1663 adsentiendum:
1400 1623 1459 1663 non

285 1693 419 1752 concedit
429 1692 527 1750 omnia
536 1691 632 1750 causis
646 1691 711 1749 fieri
726 1692 970 1752 antecedentibus
985 1695 1016 1752 et
1029 1694 1213 1752 necessariis.
1238 1693 1311 1754 haec
1324 1693 1459 1753 doctrina

285 1800 352 1840 cnm
372 1779 540 1856 Chrysippo
560 1779 696 1840 convenit
715 1783 751 1839 nt
769 1797 835 1840 cum
855 1799 934 1858 aqua
952 1782 1039 1858 ignis,
1077 1801 1132 1858 ego
1157 1801 1275 1859 quoque
1294 1785 1329 1841 nt
1346 1783 1458 1841 iustam

285 1889 492 1946 recuperarem
512 1869 692 1929 sententiam
711 1871 783 1928 olim
801 1871 971 1930 coniectura
990 1873 1088 1931 locum
1107 1873 1251 1947 temptavi
1270 1871 1326 1930 tali
1346 1865 1458 1947 ‘neque

286 1960 365 2018 enim
380 1957 448 2019 Chr.
465 1959 627 2018 concedens
643 1957 827 2020 adsensionis
843 1955 944 2038 (nisi)
959 1961 1126 2036 proximam
1141 2007 1147 2021 .
1163 2006 1169 2020 .
1185 2004 1192 2020 .
1206 1979 1302 2036 neque
1319 1952 1373 2041 (sc.
1387 1978 1457 2020 vero

285 2068 343 2107 non
362 2040 540 2128 concedens)
560 2067 625 2106 eam
640 2095 646 2108 .
663 2091 670 2107 .
685 2041 704 2107 .'
742 2049 792 2107 sed
817 2049 890 2107 haec
908 2067 1005 2125 neque
1031 2069 1098 2108 cnm
1117 2068 1252 2108 sermone
1270 2049 1364 2108 latino
1383 2049 1458 2108 bene

285 2138 424 2214 congruit
451 2139 482 2196 et
511 2155 694 2213 supervacua
722 2140 782 2196 est:
810 2156 869 2196 nou
898 2139 1104 2198 emendatione
1133 2138 1185 2198 sed
1212 2137 1458 2214 interpretatione

288 2245 362 2304 opus
381 2231 435 2286 est.
777 2249 781 2257 ·

374 2317 444 2375 nota
467 2318 515 2374 est
536 2314 694 2392 Chrysippi
713 2315 907 2375 concludendi
930 2315 1027 2376 forma
1050 2315 1162 2374 usitata
1187 2335 1245 2391 qna
1263 2335 1323 2375 non
1341 2315 1459 2375 dicebat

287 2398 331 2464 ‘si
349 2405 405 2464 hoc
423 2422 483 2463 non
501 2404 547 2478 fit,
567 2423 604 2463 ne
622 2405 696 2463 illud
713 2397 849 2481 quidem'
869 2405 920 2462 sed
940 2406 982 2463 sic
1001 2398 1075 2464 ‘non
1090 2410 1121 2462 et
1134 2404 1189 2464 hoc
1203 2404 1238 2462 lit
1251 2423 1347 2480 neque
1363 2397 1458 2462 illud'.

286 2495 321 2554 cf.
340 2494 418 2569 frgg.
439 2494 494 2569 85,
515 2495 572 2569 51,
592 2495 647 2568 52,
668 2495 722 2566 55,
744 2495 816 2553 102.
859 2493 1008 2568 Diogenes
1027 2493 1166 2552 Laertius
1187 2493 1309 2552 soritem
1329 2494 1460 2552 servavit

286 2603 302 2641 e
322 2581 482 2658 Chrysippi
500 2584 627 2658 petitum
648 2581 734 2640 libris
754 2573 827 2657 (VII
847 2573 904 2662 82)
924 2576 1011 2656 οὐχί,
1035 2577 1075 2641 τὰ
1099 2579 1156 2656 μὲν
1175 2577 1237 2640 δύο
1253 2576 1348 2653 ὀλίγα
1367 2577 1458 2654 dcxiv,

286 2667 358 2745 οὐχὶ
377 2668 412 2730 δὲ
432 2667 482 2730 καὶ
500 2667 541 2729 τὰ
559 2666 642 2743 τρία·
667 2666 739 2744 οὐχὶ
758 2665 807 2745 δέ,
831 2666 882 2729 καὶ
901 2669 1001 2729 ταῦτα
1020 2668 1091 2744 μέν,
1118 2666 1190 2743 οὐχὶ
1209 2667 1244 2729 δὲ
1264 2666 1315 2729 καὶ
1333 2665 1374 2730 τὰ
1391 2667 1458 2729 τέτ-

286 2776 366 2835 cupa
385 2759 448 2819 κτλ.
486 2759 567 2820 Plnt.
588 2761 624 2818 de
643 2777 716 2818 com.
735 2763 795 2819 not.
815 2779 877 2834 cap.
899 2761 938 2818 39
959 2779 986 2835 p.
1010 2757 1126 2819 10800
1147 2754 1216 2833 οὔκ,
1244 2753 1307 2818 ἔετι
1331 2756 1390 2833 μὲν
1407 2752 1459 2818 ico

286 2849 386 2909 ταῦτα
413 2844 578 2923 ἀλλήλοις,
606 2842 697 2909 tiviro
725 2842 758 2906 δ’
785 2843 848 2906 terr
880 2847 981 2907 ταῦτα
1009 2842 1173 2922 ἀλλήλοιε,
1201 2851 1233 2906 et
1259 2848 1299 2906 ib.
1328 2867 1393 2924 cap.
1416 2849 1457 2907 45

286 2961 313 3016 p.
337 2941 421 2998 1084
432 2938 468 2996 D.
493 2938 583 2996 citato
608 2936 767 3013 Chrysippi
794 2937 891 3012 primo
914 2935 980 2996 τῶν
1004 2935 1145 3012 φυτικῶν
1168 2931 1355 3011 Ζητημάτων
1382 2937 1459 2996 libro

287 3018 401 3108 οὐχ(ἰ),
425 3023 444 3100 ἡ
469 3023 527 3100 μὲν
551 3023 607 3087 νὺξ
631 3022 719 3099 εῶμά
742 3023 837 3099 henr,
862 3021 880 3101 ἡ
905 3019 937 3084 δ’
961 3021 1078 3100 ἑεπέρα
1101 3021 1152 3085 καὶ
1176 3020 1195 3084 ὁ
1216 3019 1333 3100 ὄρθροε
1352 3021 1403 3085 καὶ
1421 3021 1458 3084 τὸ

287 3114 382 3191 μέεον
400 3117 456 3191 τῆι
476 3111 590 3176 νυκτὸτ
605 3111 733 3189 ιώματα
747 3109 806 3174 οὐκ
820 3109 916 3174 tenu·
936 3110 1020 3189 οὐδέ,
1039 3112 1059 3188 ἡ
1075 3112 1132 3188 μὲν
1146 3111 1248 3188 ἡμέρα
1265 3109 1354 3188 (ὠμά
1367 3111 1458 3188 tour,

286 3201 359 3279 οὐχὶ
377 3202 412 3264 δὲ
433 3201 483 3264 καὶ
501 3201 520 3278 ἡ
540 3199 694 3279 νουμηνία
714 3202 802 3277 conc
820 3201 871 3262 καὶ
889 3199 908 3277 ἡ
928 3200 1042 3279 δεκάτη
1058 3249 1064 3262 .
1080 3248 1110 3264 ..
1149 3202 1207 3264 Cic.
1232 3203 1269 3262 de
1295 3204 1354 3263 div.
1372 3203 1387 3262 I
1407 3205 1458 3278 38,

287 3298 328 3355 82
348 3293 573 3370 inprobatione
592 3293 782 3352 divinationis
801 3295 866 3352 tota
884 3289 1050 3369 Chrysippo
1069 3293 1247 3352 vindicanda
1266 3286 1336 3351 ‘non
1354 3293 1456 3368 igitur,

287 3387 357 3443 sunt
380 3384 422 3455 di,
446 3402 542 3458 neque
565 3381 735 3457 significant
757 3375 878 3452 futura’,
901 3382 933 3440 id
957 3383 1036 3458 qnod
1061 3382 1158 3440 Zellar
1177 3373 1250 3459 (IV3
1267 3400 1295 3456 p.
1323 3383 1401 3456 338,
1426 3379 1459 3460 3)

288 3474 329 3532 sic
348 3473 451 3532 vertit:
476 3467 534 3530 οὐκ
557 3464 619 3544 ἄρα
643 3466 699 3530 eici
724 3467 781 3543 μὲν
800 3467 868 3530 θεοὶ
891 3465 930 3530 οὐ
954 3465 1200 3545 προεημαίνουιι
1224 3467 1259 3529 δὲ
1275 3512 1282 3528 .
1296 3516 1303 3543 ,
1318 3489 1372 3544 pro
1392 3465 1458 3542 οὐκ,

288 3558 315 3623 εἰ
334 3556 402 3622 θεοί
421 3555 508 3634 εἰειν,
529 3555 567 3619 οὐ
587 3553 840 3634 προτημαίνουει.
884 3560 976 3618 alium
1000 3561 1098 3620 locum
1117 3559 1290 3618 Tullianum
1308 3557 1341 3617 C.
1359 3559 1391 3618 F.
1411 3557 1458 3616 W.

288 3651 428 3725 Mueller,
448 3650 505 3708 nisi
524 3649 621 3724 fallor,
640 3648 671 3706 in
689 3649 786 3707 lucem
804 3649 951 3724 protraxit
971 3650 1137 3708 exstantem
1157 3649 1229 3723 Top.
1246 3649 1295 3720 13,
1317 3648 1358 3706 53
1379 3640 1459 3722 ‘nom

288 3744 318 3800 et
336 3741 470 3815 legatum
489 3741 648 3814 argeutum
667 3740 726 3814 est,
745 3740 776 3795 et
794 3757 853 3796 non
872 3740 919 3796 est
936 3738 1039 3813 legata
1057 3739 1215 3796 numerata
1233 3729 1377 3812 pecunia’.

376 3830 436 3887 iam
455 3827 493 3886 ad
511 3827 671 3902 pristinum
690 3828 788 3887 locum
806 3827 936 3902 regressi
955 3827 997 3886 sic
1020 3825 1296 3902 interpretabimur:
1325 3820 1458 3899 Xpdcrrr-

288 3912 427 3978 ποιοῦν
447 3913 552 3988 λέγων
572 3910 646 3975 ζοὐκ
665 3909 768 3976 αἴτιον
787 3912 845 3988 μὲν
864 3910 1044 3975 ιυνεκτικόν
1062 3931 1097 3974 τε
1121 3910 1172 3974 καὶ
1192 3910 1345 3988 ευνεργὸν
1365 3909 1401 3973 ἑν
1420 3915 1459 3993 τῇ

289 4001 446 4084 φανταείᾳ
471 4000 626 4079 ὑπάρχειν
649 4000 721 4078 οὐχὶ
745 4001 780 4063 δὲ
806 3998 1051 4076 καὶάναγκαῖον
1071 3997 1151 4063 εἶναι
1170 4003 1268 4063 τοῦτο
1287 3999 1368 4076 πρὸ(
1387 4018 1459 4073 τυγ-

288 4087 503 4156 κατατιθέναι’
520 4127 560 4134 -
577 4091 706 4166 λέγει..
742 4094 839 4152 idest
858 4092 926 4152 Chr.
946 4094 1105 4170 contendit,
1125 4093 1150 4151 si
1169 4093 1267 4168 posita
1286 4092 1375 4151 sitin
1393 4092 1460 4151 viso

288 4205 386 4262 cansa,
406 4203 471 4242 eam
490 4183 688 4243 necessariam
707 4202 785 4259 esse3
805 4182 939 4242 concedit
957 4181 1105 4242 Antiocho
1124 4201 1232 4240 nomen
1251 4181 1320 4256 fati,
1345 4199 1383 4239 ue
1402 4181 1463 4240 dis·

288 4277 389 4351 crepet
408 4273 543 4332 doctrina
561 4292 579 4331 a
598 4271 811 4348 Peripatetica:
831 4272 873 4331 sic
889 4271 985 4348 igitur
998 4270 1190 4347 Peripatetici
1204 4269 1338 4329 confiteri
1351 4287 1465 4345 cogun-

288 4368 338 4424 tur
356 4365 490 4440 ipsorum
508 4381 612 4422 causas
631 4364 858 4437 praecurrentes
878 4379 897 4418 a
914 4361 977 4420 fato
992 4360 1090 4420 Stoico
1110 4379 1168 4420 non
1188 4359 1322 4419 diversas
1341 4376 1417 4419 esse.
