3232 5192
584 859 923 934 PRAEFATIO

260 1167 367 1226 Libros
392 1164 553 1242 Chrysippi
581 1166 607 1225 si
628 1167 695 1242 quis
723 1167 920 1226 restituturus
949 1170 995 1226 est
1022 1168 1054 1226 id
1081 1167 1207 1226 maxime
1240 1187 1344 1228 cavere
1426 1202 1442 1244 ·.

172 1248 269 1329 debet,
289 1275 327 1314 ne
345 1256 435 1314 nimis
454 1255 634 1314 testimoniis
654 1259 685 1314 et
703 1255 839 1330 vestigiis
858 1255 974 1314 obrutis
994 1260 1105 1332 parcat,
1124 1258 1208 1316 velut
1226 1257 1342 1334 Bagae-

171 1347 236 1403 tum
263 1345 369 1404 fecisse
397 1347 504 1403 notum
533 1348 693 1419 astatque
717 1363 752 1403 ex
775 1343 841 1420 ipsa
863 1364 896 1404 re
920 1346 1097 1420 explanatur
1125 1349 1154 1404 et
1179 1351 1345 1409 excusatur.

172 1432 358 1510 Chrysippus
374 1435 453 1492 enim
467 1451 534 1492 cum
548 1433 779 1492 innumerabilia
793 1434 855 1492 fere
874 1452 965 1509 opera
981 1435 1146 1493 condiderit
1160 1438 1191 1493 et
1210 1435 1344 1510 ediderit,

170 1523 322 1598 ingentem
340 1523 523 1598 farraginem
543 1541 579 1580 ex
597 1523 702 1581 alienis
721 1522 806 1582 libris
826 1522 971 1583 sociorum
992 1523 1232 1583 adversariorum
1250 1525 1344 1599 philo-

171 1612 331 1686 sophorum
350 1615 508 1686 poetarum
526 1611 557 1668 in
576 1629 645 1671 suos
665 1611 813 1671 derivavit
831 1612 958 1688 rivuloS,
983 1615 1072 1688 atque
1096 1613 1186 1670 etiarn
1207 1633 1261 1672 sua
1279 1614 1343 1689 ipse

171 1701 325 1775 exscripsit
344 1704 375 1759 et
393 1700 535 1776 repetivit
554 1701 637 1776 adeo,
656 1704 691 1759 ut
709 1701 741 1758 in
760 1701 894 1776 quolibet
908 1702 984 1760 libro
1005 1703 1041 1760 de
1056 1721 1174 1777 quaque
1192 1720 1225 1760 re
1245 1703 1343 1778 egisse

169 1790 315 1848 videatur.
347 1789 430 1848 illam
450 1791 693 1848 consuetudinem
713 1790 829 1848 famosa
847 1783 965 1848 ‘Medea
980 1785 1152 1866 Chrysippi’
1168 1787 1215 1870 (L.
1233 1791 1269 1851 D.
1285 1791 1343 1850 VII

173 1870 249 1958 180)
265 1880 355 1953 atque
370 1878 539 1952 explanatio
554 1875 766 1952 ψευδομένων
781 1871 894 1958 (Zeller
908 1877 955 1936 ΙΙΙ
972 1871 1005 1937 13
1018 1901 1047 1954 p.
1064 1881 1127 1937 114
1139 1873 1195 1960 sq.)
1211 1881 1241 1938 et
1255 1899 1342 1956 argu-

171 1970 338 2026 mentorum
362 1986 502 2026 sensuum
527 1968 734 2026 auctoritatem
758 1967 959 2026 refellentium
984 1961 1058 2047 (Cic.
1083 1970 1135 2027 Ac.
1154 1968 1184 2026 II
1209 1971 1264 2045 27,
1286 1963 1343 2049 87)

170 2056 316 2132 illustrat;
339 2056 427 2115 huius
450 2056 495 2115 rei
517 2075 576 2116 non
599 2057 696 2114 minus
721 2055 858 2132 cognitae
883 2057 955 2115 satis
980 2058 1037 2115 erit
1060 2057 1222 2131 specimina
1248 2077 1343 2132 pauca

169 2145 358 2220 adposuisse:
386 2143 518 2216 Calenus
541 2144 634 2203 tradit
657 2139 742 2223 (περὶ
764 2143 831 2203 τῶν
857 2145 914 2218 τῆς
937 2145 1043 2220 ψυχῆς
1067 2141 1154 2217 ἠθῶν
1183 2164 1205 2205 c.
1232 2150 1270 2205 11
1299 2145 1343 2204 IV

170 2235 235 2292 820
254 2227 304 2314 K.)
324 2229 431 2293 πολλὰ
455 2231 512 2307 μὲν
537 2228 595 2292 οὖν
620 2227 689 2293 εἴτε
715 2229 895 2306 Χρύειπποε
920 2229 956 2293 ἐν
979 2234 1047 2293 roi(
1071 2232 1207 2305 λογικῶς
1230 2235 1342 2308 Ζητου-

170 2319 276 2395 μένοι(
295 2318 368 2396 περὶ
386 2321 453 2381 τῶν
471 2321 585 2382 παθῶν
604 2323 660 2396 τῆ(
679 2323 784 2396 ψυχῆς
803 2317 1082 2397 μεμψάμενοςέτι
1102 2320 1137 2382 δὲ
1156 2319 1257 2383 πλείω
1276 2325 1343 2383 τῶν

169 2407 205 2470 ἐν
233 2411 301 2470 τοῑε
330 2407 403 2484 περὶ
432 2409 600 2486 διαφορῶν
627 2410 693 2471 τῶν
721 2405 855 2483 ἀρετῶν.
897 2412 929 2470 in
956 2416 1064 2487 quarto
1092 2409 1165 2484 περὶ
1196 2413 1342 2473 δυνατῶν

169 2501 245 2558 libro
264 2499 408 2558 mundum
426 2501 458 2559 iu
476 2500 574 2559 medio
594 2519 710 2576 semper
729 2501 842 2559 versari
860 2501 1001 2576 probarit
1019 2494 1112 2580 (Plut.
1128 2501 1165 2560 de
1179 2501 1237 2560 def.
1253 2504 1343 2561 oracl.

169 2609 192 2648 c.
214 2579 280 2670 28).
317 2590 421 2648 eodem
443 2590 605 2648 Plutarcho
629 2592 749 2649 auctore
774 2581 826 2666 (de
845 2609 906 2664 rep.
930 2589 1019 2650 Stoic.
1041 2609 1064 2649 c.
1086 2587 1120 2668 9)
1144 2586 1286 2664 καθάπερ
1311 2587 1342 2651 οἱ

168 2673 209 2737 τὰ
236 2673 422 2752 ψηφίεματα
449 2678 518 2737 ruit
546 2673 677 2737 πόλετιν
706 2674 909 2752 εἰτφέροντεε
943 2674 1186 2754 προγράφουειν
1219 2673 1342 2754 ἀγαθήν

168 2762 268 2840 τύχην
282 2768 327 2826 ita
344 2768 396 2826 ille
414 2767 579 2844 praefigere
594 2768 711 2827 solebat
724 2767 810 2828 libris
829 2768 891 2826 suis
906 2763 964 2827 τὸν
980 2763 1053 2841 Δία,
1068 2766 1126 2841 τὴν
1142 2762 1342 2842 εἱμαρμένην,

168 2852 227 2930 τὴν
251 2851 417 2930 πρόνοιαν,
440 2852 478 2915 τὸ
502 2853 685 2930 ευνέχεεθαι
714 2857 767 2934 μιᾷ
796 2851 927 2930 δυνάμει
954 2852 1012 2916 τὸν
1040 2851 1157 2929 κόεμον
1182 2853 1239 2916 ἕνα
1263 2852 1342 2917 ὄντα

169 2941 221 3003 καὶ
235 2943 485 3019 πεπεραεμένον.
518 2946 591 3004 haec
606 2947 741 3020 exempla
761 2947 835 3005 satis
854 2949 956 3005 sunto:
976 2949 1100 3021 apparet
1119 2947 1283 3005 sententias
1304 2949 1341 3005 ab

167 3035 219 3092 illo
237 3033 384 3110 imprimis
408 3035 444 3092 de
467 3034 530 3110 fato
555 3037 585 3093 et
608 3034 795 3110 providentia
813 3036 946 3110 prolatas
971 3037 996 3094 si
1015 3035 1224 3111 collegerimus
1242 3036 1341 3111 pristi-

167 3141 238 3182 nam
257 3123 415 3198 unicuique
434 3123 601 3198 fragmento
618 3123 718 3182 sedem
734 3124 905 3182 adtribuere
919 3143 973 3182 nos
987 3125 1075 3200 plane
1090 3123 1222 3198 nequire,
1240 3129 1341 3183 tamen

168 3213 198 3268 in
217 3212 303 3270 libris
323 3231 396 3286 quos
415 3212 451 3270 de
470 3212 543 3287 ipsis
563 3213 609 3271 his
629 3213 771 3272 doctrinis
790 3213 911 3289 proprie
926 3213 1092 3288 composuit
1107 3213 1178 3288 quid
1197 3214 1339 3286 docuerit,

167 3301 212 3358 ita
232 3301 364 3360 divinare
388 3304 476 3376 atque
501 3302 655 3360 enucleare
674 3319 776 3378 posse,
801 3305 836 3360 ut
854 3301 957 3377 paucis
980 3302 1115 3361 terminis
1135 3302 1240 3377 positis
1261 3306 1340 3362 totas

168 3390 335 3465 provincias
355 3388 523 3465 Chrysippo
542 3390 712 3449 reddituros
732 3393 823 3465 atque
842 3410 908 3449 cum
929 3391 1022 3449 libros
1046 3387 1118 3464 περὶ
1142 3389 1239 3465 θεῶν,
1267 3388 1341 3465 περὶ

168 3473 285 3552 κόεμου
305 3480 378 3539 alios
397 3482 462 3537 turn
481 3475 553 3552 περὶ
572 3473 727 3552 προνοίαε
747 3483 777 3537 et
796 3476 868 3551 περὶ
891 3474 1080 3553 εἱμαρμένηε
1100 3479 1226 3555 scriptos
1245 3499 1340 3554 paene

167 3569 363 3628 restituturos
377 3587 431 3627 nos
446 3587 512 3628 esse
528 3587 596 3644 spes
612 3569 658 3627 sit.
682 3587 777 3644 neque
793 3569 872 3627 enim
885 3569 951 3627 rari
964 3573 1010 3627 est
1024 3568 1121 3626 simile
1135 3568 1220 3626 illum
1235 3589 1338 3644 quam·

167 3657 213 3715 vis
237 3657 410 3732 saepissime
434 3661 546 3716 temere
570 3658 627 3717 sibi
646 3657 859 3716 contradixerit
882 3658 918 3715 de
939 3677 970 3717 se
989 3657 1149 3716 descivisse
1168 3658 1200 3714 in
1223 3676 1339 3716 summa

167 3746 316 3823 doctrina,
338 3766 434 3822 neque
458 3747 589 3805 animum
613 3766 680 3805 eum
703 3750 732 3805 et
755 3747 942 3822 disciplinam
961 3766 1104 3821 umquam
1122 3748 1255 3804 mutasse
1274 3766 1341 3821 pro-

167 3834 234 3892 bari
256 3837 364 3912 potest.
405 3836 496 3894 immo
520 3841 554 3894 ut
576 3837 640 3911 ipse
665 3855 765 3894 secum
783 3835 826 3895 ita
849 3838 914 3894 tota
937 3836 999 3894 fere
1021 3835 1187 3894 Stoicorum
1206 3837 1339 3909 porticus

168 3925 241 3984 adeo
261 3943 328 3983 cum
342 3924 395 3983 illo
411 3925 485 3983 duce
500 3925 609 4000 stabat,
624 3927 658 3982 ut
672 3924 762 3983 etiam
777 3925 885 3984 omisso
901 3923 1061 4000 Chrysippi
1075 3924 1193 3982 nomine
1208 3925 1340 3984 alterove

169 4013 298 4089 quodam
316 4014 433 4089 prodito
451 4013 611 4089 ingenuam
629 4013 710 4070 illius
730 4014 896 4072 doctrinam
916 4032 1004 4089 saepe
1023 4013 1199 4087 proferrent.
1235 4014 1287 4090 ita,
1308 4017 1340 4072 ut

168 4105 274 4160 notum
294 4105 348 4179 est,
367 4103 505 4161 Laertius
524 4101 674 4176 Diogenes
692 4105 762 4178 post
781 4103 904 4161 Zenonis
924 4102 1016 4162 vitam
1035 4101 1153 4175 placitis
1174 4100 1340 4162 Stoicorum

169 4190 343 4250 enarrandis
372 4192 460 4249 unius
487 4190 550 4250 fere
578 4189 739 4266 Chrysippi
767 4191 929 4250 sententias
961 4189 1108 4264 subdidit;
1140 4189 1278 4264 idemque
1308 4191 1340 4250 in

168 4279 273 4337 multis
294 4279 359 4337 Arii
377 4279 499 4356 Didymi
518 4284 548 4338 et
567 4280 647 4339 Aetii
666 4280 755 4353 notis,
774 4279 927 4354 inquibus
942 4280 1073 4338 universi
1089 4277 1181 4337 Stoici
1200 4279 1339 4340 adferun-

169 4371 221 4426 tur
239 4371 387 4444 auctoreS,
407 4369 522 4428 accidit.
550 4369 582 4426 hi
600 4370 680 4444 ipsos
699 4367 859 4444 Chrysippi
878 4368 970 4427 libros
989 4388 1048 4428 non
1067 4369 1220 4443 legerunt3
1239 4371 1340 4428 tamen

169 4457 248 4515 circa
271 4455 346 4515 DCC
372 4455 503 4516 Cornuto
526 4458 645 4515 relictos
670 4459 708 4516 ab
727 4456 763 4517 A.
782 4457 886 4515 Persio
905 4474 969 4515 esse
992 4455 1123 4516 traditur
1141 4449 1237 4536 (Suet.
1257 4459 1293 4516 de
1311 4478 1339 4518 ν.
1459 4531 1465 4542 ,

168 4546 212 4603 ill.
232 4566 259 4621 p.
281 4547 336 4622 74,
357 4548 397 4604 13
417 4541 475 4625 Β.)
515 4551 620 4622 postea
643 4546 772 4605 fortasse
791 4546 955 4606 Aristocles
975 4546 1193 4621 Lampsacenus
1214 4545 1339 4623 Stoicus,

1093 4641 1128 4694 1*
