3232 5192
711 322 841 377 Alfrcdus
860 321 979 377 Gerclre:
1146 354 1165 393 0

764 537 872 590 LIBER
891 536 929 590 IV

351 651 465 712 Gellius
502 656 578 712 noct.
612 655 665 710 att.
698 652 757 710 VII
793 655 819 722 1,
855 655 886 709 1:
924 652 1031 726 quibus
1061 671 1118 711 101
1152 653 1271 712 videtur
1302 650 1488 714 mundus26

262 743 311 801 dei
333 745 364 801 et
387 742 541 801 homiuum
570 760 659 800 causa
685 743 843 800 institutus
870 760 966 816 neque
993 759 1040 798 res
1069 743 1217 800 humanae
1245 745 1431 818 providentia

261 832 434 908 gubernari,
455 832 540 908 gravi
559 851 591 889 se
615 832 793 907 argumento
813 831 858 888 uti
881 833 1000 905 putant,
1021 849 1087 888 oum
1111 831 1155 888 ita
1174 832 1276 892 dicunt
1295 827 1333 892 ‘si
1352 836 1431 892 esset

262 922 459 996 providentia,
478 921 563 978 nulla
581 923 680 980 essent
699 913 803 978 mala':
823 919 898 976 nihil
917 918 995 977 enim
1010 920 1107 977 minus
1126 921 1210 978 aiunt
1228 922 1431 996 providentiae

234 1022 247 1062 5
262 1029 434 1085 congruere,
454 1029 541 1086 quam
561 1009 590 1066 in
610 1029 643 1068 eo
662 1008 781 1086 munde,
801 1027 888 1084 quem
903 1011 1025 1083 propter
1039 1009 1173 1068 homines
1188 1009 1293 1070 iecisse
1308 1011 1431 1087 dicatur,

261 1103 377 1158 tantam
396 1099 456 1158 vim
476 1117 541 1156 esse
561 1116 770 1156 aerumnarum
790 1099 993 1156 etmalorum.
1023 1097 1172 1157 ‘adversus
1192 1118 1226 1156 ea
1246 1098 1430 1176 Chrysippus

261 1207 328 1246 oum
342 1189 379 1246 in
392 1188 487 1247 libro
507 1183 593 1262 περὶ
612 1181 797 1260 προνοίας
817 1187 946 1263 quarto
967 1187 1126 1245 dissereret
1145 1181 1236 1246 ‘nihil
1251 1193 1296 1248 est
1309 1209 1431 1266 prorsus

260 1270 343 1336 istis'
367 1277 465 1353 inquit
490 1271 684 1351 ‘insubidius
710 1276 761 1352 qni
785 1275 946 1353 opinantur
969 1275 1047 1334 bona
1071 1295 1135 1335 esse
1158 1277 1304 1354 potuisse,
1329 1279 1354 1338 si
1373 1299 1431 1338 non

262 1368 361 1425 essent
384 1365 487 1424 itidem
511 1367 598 1424 mala.
639 1384 708 1423 nam
732 1384 799 1423 oum
823 1365 900 1424 bona
922 1365 1008 1423 malis
1032 1366 1180 1424 contraria
1204 1367 1276 1439 sint,
1305 1371 1431 1444 utraque

222 1467 247 1504 10
260 1473 414 1514 necessum
439 1457 486 1514 est
509 1455 645 1530 opposita
667 1454 746 1512 iuter
769 1473 833 1512 sese
859 1456 889 1512 et
912 1455 997 1528 quasi
1020 1457 1124 1513 mutuo
1149 1456 1273 1515 adverso
1298 1476 1431 1532 quaeque

261 1544 340 1602 fulta
357 1543 425 1602 nisu
453 1545 627 1620 consistere:
655 1545 771 1601 nullum
800 1542 873 1602 adeo
902 1543 1084 1602 contrarium
1118 1548 1164 1602 est
1193 1545 1255 1602 sine
1285 1547 1431 1605 contrario

262 1634 365 1691 altero.
403 1651 461 1708 quo
486 1633 563 1690 enim
583 1635 669 1707 pacto
694 1632 827 1691 iustitiae
852 1650 957 1690 sensus
978 1650 1043 1692 csse
1061 1635 1175 1709 posset,
1194 1634 1254 1693 nisi
1272 1637 1373 1694 essent
1390 1637 1432 1693 in-

261 1721 378 1780 iuriae?
415 1725 468 1782 aut
487 1722 558 1796 quid
578 1722 659 1780 aliud
679 1721 795 1779 iustitia
819 1723 865 1780 est
888 1739 977 1796 quam
997 1721 1162 1780 iniustitiae
1181 1722 1330 1797 privatio?
1363 1724 1432 1800 quid

261 1812 334 1868 item
352 1811 497 1869 fortitudo
516 1811 651 1888 intellegi
670 1813 773 1885 posset
787 1810 844 1868 nisi
860 1828 896 1868 ex
914 1809 1051 1886 ignaviae
1065 1811 1259 1887 appositione,
1278 1813 1349 1888 quid
1368 1832 1434 1872 oon-

222 1910 247 1950 15
262 1899 388 1958 tinentia
397 1900 454 1958 nisi
465 1919 500 1958 ex
509 1898 778 1974 intemperantiae?
794 1919 851 1975 quo
862 1899 935 1958 item
943 1899 1029 1958 modo
1037 1899 1197 1974 prudentia
1205 1905 1284 1960 esset
1292 1902 1348 1960 nisi
1356 1903 1434 1961 foret

262 1989 411 2046 contraria
425 1987 653 2071 imprudentia?
669 1981 808 2063 proinde'
815 2034 821 2062 ,
840 1989 945 2064 inquit,
965 1981 1110 2047 ‘homines
1130 1989 1216 2049 stulti
1231 2009 1283 2049 cur
1301 2011 1359 2050 non
1379 1993 1434 2050 hoc

263 2077 352 2135 etiam
376 2078 559 2152 desiderant,
577 2079 612 2135 ut
630 2078 742 2137 veritas
763 2079 802 2136 sit
822 2081 852 2136 et
870 2095 929 2135 non
948 2076 988 2135 sit
1006 2077 1212 2137 mendacium?
1240 2097 1368 2156 namque
1386 2081 1434 2139 iti·

261 2168 328 2224 dem
348 2170 417 2225 suut
435 2167 513 2227 bona
536 2169 567 2225 11
585 2166 677 2241 mala,
696 2166 823 2225 felicitas
843 2169 874 2225 et
898 2165 1104 2239 infortunitas,
1129 2168 1213 2227 dolor
1232 2170 1262 2226 et
1280 2171 1432 2245 voluptas:

262 2255 390 2314 alterum
410 2256 488 2314 enim
507 2275 543 2314 ex
561 2257 669 2329 altero,
689 2255 766 2314 sicut
783 2256 870 2314 Plato
888 2256 939 2329 ait,
959 2255 1120 2314 verticibus
1134 2257 1213 2316 inter
1227 2277 1258 2316 se
1277 2260 1432 2318 contrariis

222 2357 247 2396 20
262 2344 425 2420 deligatum
444 2348 502 2404 est:
522 2345 546 2403 si
566 2344 671 2403 tuleris
691 2365 797 2417 unum,
816 2344 976 2413 abstuleris
995 2339 1175 2421 utrumque?

325 2449 402 2506 41-6
417 2443 547 2497 10011111
561 2442 715 2498 adversarii
730 2441 914 2512 (Epicurei?);
935 2443 969 2496 de
988 2459 1018 2496 re
1038 2441 1073 2496 cf.
1089 2442 1179 2497 Zeller
1192 2443 1232 2496 III
1248 2444 1276 2497 1⁸
1289 2463 1316 2514 p.
1332 2451 1383 2502 398
1394 2465 1434 2515 sq.

262 2517 290 2567 et
309 2519 370 2580 506,
390 2521 417 2580 1,
438 2514 472 2568 de
490 2512 638 2583 Chrysippi
657 2514 784 2568 doctrina
797 2513 864 2566 ibid.
880 2532 905 2582 p.
925 2519 974 2567 172
1048 2515 1265 2585 601111111ρά11
1284 2517 1358 2570 utin
1378 2519 1394 2572 l.
1410 2518 1436 2570 ll

261 2588 323 2652 περὶ
342 2587 451 2653 φύςεως
469 2585 555 2655 (Ρ111.
576 2586 610 2638 de
630 2588 847 2652 0011101011.
866 2591 978 2651 13-15,
998 2584 1033 2640 de
1049 2585 1134 2642 Stoio.
1149 2603 1207 2655 rep.
1228 2589 1282 2656 35).
1356 2595 1372 2643 9
1390 2591 1435 2643 iti-

261 2659 320 2710 110οι
343 2657 420 2710 Laet.
447 2658 513 2726 epit.
537 2655 602 2710 inst.
628 2655 683 2709 div.
704 2673 726 2710 ο.
747 2663 794 2710 291
813 2656 913 2710 ibidem
1005 2662 1037 2710 16
1061 2659 1203 2712 contrariu
1224 2659 1316 2714 Lech:
1340 2666 1436 2715 contro

263 2733 295 2781 18
310 2729 506 2794 infortunitas:
525 2729 721 2794 importunitas
735 2727 811 2782 Lact.
887 2733 919 2780 19
938 2726 1019 2782 Plato
1034 2728 1137 2783 Phaed.
1157 2747 1183 2798 p.
1200 2731 1266 2784 6οΒ
1338 2737 1372 2785 20
1390 2733 1434 2787 ote·

262 2801 373 2854 licatnm
392 2801 452 2855 eod.
473 2800 535 2854 mel.
558 2797 650 2854 Gellii.

292 3015 294 3018 ,
336 2950 428 3010 Pus.
449 2951 485 3009 de
504 2970 608 3009 comm.
627 2954 688 3009 not.
707 2947 732 3009 οἱ
753 2953 792 3008 16
812 2969 841 3024 p.
863 2949 999 3008 locon:
1019 2947 1120 3010 πολὺς
1140 2948 1197 3025 μὲν
1219 2947 1237 3010 ὁ
1262 2951 1490 3028 ψελλιςμὸς27

262 3034 370 3098 αὐτῶν
398 3033 479 3119 (τῶν
508 3031 683 3120 (τωικῶν),
716 3036 809 3098 τέλος
837 3035 873 3097 δὲ
901 3036 960 3112 τὴν
991 3036 1048 3113 μὲν
1077 3035 1232 3115 φρόνηςιν
1265 3039 1435 3117 ἐπιςτήμην

262 3122 393 3199 ἀγαθῶν
412 3125 462 3188 καὶ
481 3127 587 3187 κακῶν
606 3124 704 3187 odron
724 3123 812 3205 <τῶν
835 3126 940 3186 κακῶν
959 3121 1214 3207 ἀναιρεθέντων)
1235 3126 1435 3193 παντάπαςιν

262 3211 454 3291 ἀναιρεῑςθαι
472 3215 630 3289 λέγουςιν·
650 3212 694 3275 ῶς
708 3214 743 3276 δὲ
759 3210 889 3291 ἀληθῶν
908 3210 1013 3276 ὄντων
1033 3211 1194 3278 ἀδύνατον
1209 3218 1248 3294 μὴ
1264 3217 1315 3279 καὶ
1332 3222 1434 3296 ψευδῆ

235 3320 332 3365 1τινα
356 3301 437 3365 εἶναι
456 3301 691 3381 παραπληςὶως,
710 3301 796 3365 οὕτω
816 3303 984 3381 προςήκειν
1004 3301 1134 3378 ἀγαθῶν
1153 3303 1366 3382 ὑπαρχόντων
1385 3309 1435 3370 καὶ

261 3412 341 3454 κακα
364 3412 527 3470 υπαρχειν.

333 3501 349 3548 3
362 3500 421 3552 ,τῶν
437 3500 529 3548 κακῶν
540 3496 744 3562 ἀναιρεθέντων
757 3509 787 3549 *-
803 3496 847 3548 καί
857 3494 951 3564 volgo,
966 3500 1059 3549 κακῶν
1069 3499 1105 3563 μὴ
1119 3498 1211 3550 ὄντων
1221 3498 1435 3564 (ἀναιρεθέντων

261 3564 402 3634 Duebner)
418 3568 489 3621 ὅλως
502 3570 547 3620 καὶ
562 3567 751 3635 Wyttenbaoh
802 3569 883 3632 4μή·
900 3569 936 3633 μὴ
952 3566 1118 3621 obtinemus
1168 3569 1274 3622 ὅοῦτω
1288 3571 1435 3636 προςήκειν

261 3636 323 3693 Vs·
343 3638 404 3692 οἷον
422 3639 551 3706 προςήκει
571 3637 713 3706 Duebner,
733 3638 839 3692 οἴονται
856 3639 1003 3704 προςήκειν
1021 3637 1148 3706 Madvig,
1168 3640 1244 3694 οὕτω
1261 3642 1390 3708 προςήκει

352 3787 427 3848 Cell.
459 3791 535 3848 noct.
568 3790 622 3849 att.
655 3787 713 3846 VII
749 3791 777 3860 1,
814 3790 846 3846 7:
893 3787 971 3845 idem
1009 3787 1195 3865 Chrysippus
1236 3790 1271 3847 in
1313 3789 1491 3854 10111128

216 3933 218 3940 .
261 3879 355 3937 libro
380 3880 492 3936 tractat
515 3878 741 3952 consideratque
767 3878 949 3954 dignumque
973 3895 1038 3936 esse
1062 3879 1092 3936 id
1116 3879 1220 3953 quaeri
1237 3882 1338 3956 putat,
1357 3875 1384 3939 εἰ
1403 3877 1436 3939 αἱ

262 3967 328 4025 τῶν
355 3960 537 4040 ἀνθρώπων
565 3961 653 4026 νόεοι
676 3965 756 4026 κατὰ
779 3960 874 4042 φύειν
898 3960 1053 4042 γίνονται,
1077 3966 1108 4025 id
1131 3970 1177 4025 est
1199 3972 1346 4027 naturane
1369 3970 1435 4044 ipsa

261 4076 361 4114 rerum
381 4057 429 4116 111
447 4056 643 4133 providentia,
663 4076 739 4132 quae
758 4073 932 4130 compagem
955 4055 1030 4114 hanc
1053 4056 1157 4113 mundi
1176 4060 1207 4116 et
1229 4076 1323 4133 genus
1342 4058 1434 4116 homi-

237 4158 333 4202 51111
353 4145 436 4218 fecit,
460 4145 579 4204 morbos
599 4165 715 4221 quoque
736 4149 766 4204 et
793 4143 963 4204 debilitates
988 4146 1019 4203 et
1041 4146 1244 4221 aegritudines
1269 4166 1434 4222 corporum,

262 4251 335 4309 quas
359 4235 516 4310 patiuntur
531 4235 691 4310 'homiues⁷
718 4235 830 4294 fecerit.
874 4234 1025 4292 existimat
1047 4239 1149 4292 autem
1172 4254 1233 4294 non
1258 4236 1351 4294 fuisse
1380 4237 1435 4295 hoo

263 4324 424 4398 principale
448 4327 572 4382 naturae
596 4325 765 4397 consilium,
791 4327 826 4382 11
849 4321 962 4381 faceret
984 4323 1118 4382 homines
1142 4323 1253 4383 morbis
1278 4324 1433 4384 obnoxios:

262 4433 424 4488 numquam
448 4415 525 4470 enim
549 4415 604 4471 hoo
628 4415 800 4473 convenisse
823 4415 948 4470 naturae
971 4413 1087 4472 auctori
1109 4413 1284 4489 parentique
1303 4413 1434 4472 omnium

262 4521 362 4560 rerum
386 4503 540 4562 bonarum.
587 4496 655 4561 ‘sed
679 4522 744 4561 cum
768 4494 879 4561 multa'
903 4501 1002 4577 inquit
1025 4495 1132 4578 ‘atque
1161 4521 1271 4579 magna
1297 4503 1435 4579 gigneret
