<?xml version="1.0" encoding="UTF-8"?>
<!DOCTYPE html PUBLIC "-//W3C//DTD XHTML 1.0 Transitional//EN"
    "http://www.w3.org/TR/xhtml1/DTD/xhtml1-transitional.dtd">
<html xmlns="http://www.w3.org/1999/xhtml" xml:lang="en" lang="en">
 <head>
  <title>
</title>
<meta http-equiv="Content-Type" content="text/html;charset=utf-8" />
  <meta name='ocr-system' content='tesseract 3.04.00' />
  <meta name='ocr-capabilities' content='ocr_page ocr_carea ocr_par ocr_line ocrx_word'/>
</head>
<body>
  <div class='ocr_page' id='page_1' title='image "./chrysippeaparti00gercgoog_0018.png"; bbox 0 0 3232 5192; ppageno 0'>
   <div class='ocr_carea' id='block_1_1' title="bbox 661 380 1334 452">
    <p class='ocr_par' dir='ltr' id='par_1_1' title="bbox 661 380 1334 452">
     <span class='ocr_line' id='line_1_1' title="bbox 661 380 1334 452; baseline -0.001 -17"><span class='ocrx_word' id='word_1_1' title='bbox 661 381 838 452; x_wconf 77' lang='lat' dir='ltr'>Chrysippea.</span> <span class='ocrx_word' id='word_1_2' title='bbox 1314 380 1334 442; x_wconf 87' lang='lat'>9</span> 
     </span>
    </p>
   </div>
   <div class='ocr_carea' id='block_1_2' title="bbox 161 548 1340 3108">
    <p class='ocr_par' dir='ltr' id='par_1_2' title="bbox 161 548 1340 3108">
     <span class='ocr_line' id='line_1_2' title="bbox 161 548 1336 627; baseline -0.001 -17"><span class='ocrx_word' id='word_1_3' title='bbox 161 550 209 610; x_wconf 90' lang='lat' dir='ltr'>his</span> <span class='ocrx_word' id='word_1_4' title='bbox 233 549 270 608; x_wconf 91' lang='lat' dir='ltr'>de</span> <span class='ocrx_word' id='word_1_5' title='bbox 293 549 388 609; x_wconf 74' lang='lat' dir='ltr'>rebue&#39;</span> <span class='ocrx_word' id='word_1_6' title='bbox 405 548 471 608; x_wconf 89' lang='lat' dir='ltr'>fieri</span> <span class='ocrx_word' id='word_1_7' title='bbox 493 567 561 610; x_wconf 89' lang='lat' dir='ltr'>raro</span> <span class='ocrx_word' id='word_1_8' title='bbox 584 569 752 626; x_wconf 90' lang='lat' dir='ltr'>possumus.</span> <span class='ocrx_word' id='word_1_9' title='bbox 794 549 908 610; x_wconf 88' lang='lat' dir='ltr'>accedit</span> <span class='ocrx_word' id='word_1_10' title='bbox 931 551 1008 627; x_wconf 89' lang='lat' dir='ltr'>quod</span> <span class='ocrx_word' id='word_1_11' title='bbox 1033 568 1121 625; x_wconf 88' lang='lat' dir='ltr'>saepe</span> <span class='ocrx_word' id='word_1_12' title='bbox 1150 549 1336 627; x_wconf 80' lang='lat' dir='ltr'>Chrysippea</span> 
     </span>
     <span class='ocr_line' id='line_1_3' title="bbox 163 639 1334 717; baseline -0.001 -18"><span class='ocrx_word' id='word_1_13' title='bbox 163 658 260 717; x_wconf 90' lang='lat' dir='ltr'>neque</span> <span class='ocrx_word' id='word_1_14' title='bbox 279 656 297 698; x_wconf 87' lang='lat' dir='ltr'>a</span> <span class='ocrx_word' id='word_1_15' title='bbox 315 640 514 699; x_wconf 76' lang='lat' dir='ltr'>vetustiorum</span> <span class='ocrx_word' id='word_1_16' title='bbox 532 658 628 717; x_wconf 90' lang='lat' dir='ltr'>neque</span> <span class='ocrx_word' id='word_1_17' title='bbox 652 660 670 699; x_wconf 91' lang='lat' dir='ltr'>a</span> <span class='ocrx_word' id='word_1_18' title='bbox 695 640 894 700; x_wconf 83' lang='lat' dir='ltr'>recentiorum</span> <span class='ocrx_word' id='word_1_19' title='bbox 917 639 1021 698; x_wconf 88' lang='lat' dir='ltr'>edictis</span> <span class='ocrx_word' id='word_1_20' title='bbox 1046 639 1174 698; x_wconf 82' lang='lat' dir='ltr'>discerni</span> <span class='ocrx_word' id='word_1_21' title='bbox 1196 643 1334 715; x_wconf 89' lang='lat' dir='ltr'>possunt:</span> 
     </span>
     <span class='ocr_line' id='line_1_4' title="bbox 162 727 1336 807; baseline 0.001 -20"><span class='ocrx_word' id='word_1_22' title='bbox 162 729 309 804; x_wconf 88' lang='lat' dir='ltr'>imprimis</span> <span class='ocrx_word' id='word_1_23' title='bbox 329 728 366 787; x_wconf 91' lang='lat' dir='ltr'>de</span> <span class='ocrx_word' id='word_1_24' title='bbox 384 728 494 788; x_wconf 89' lang='lat' dir='ltr'>mundo</span> <span class='ocrx_word' id='word_1_25' title='bbox 510 729 633 807; x_wconf 89' lang='lat' dir='ltr'>eiusque</span> <span class='ocrx_word' id='word_1_26' title='bbox 651 729 878 806; x_wconf 81' lang='lat' dir='ltr'>gubernatione,</span> <span class='ocrx_word' id='word_1_27' title='bbox 898 729 935 787; x_wconf 92' lang='lat' dir='ltr'>de</span> <span class='ocrx_word' id='word_1_28' title='bbox 949 727 1138 805; x_wconf 88' lang='lat' dir='ltr'>providentia</span> <span class='ocrx_word' id='word_1_29' title='bbox 1151 729 1274 805; x_wconf 89' lang='lat' dir='ltr'>fatoque</span> <span class='ocrx_word' id='word_1_30' title='bbox 1292 729 1336 788; x_wconf 89' lang='lat' dir='ltr'>ita</span> 
     </span>
     <span class='ocr_line' id='line_1_5' title="bbox 163 816 1337 895; baseline 0.001 -18"><span class='ocrx_word' id='word_1_31' title='bbox 163 817 332 878; x_wconf 83' lang='lat' dir='ltr'>Stoicorum</span> <span class='ocrx_word' id='word_1_32' title='bbox 351 817 493 893; x_wconf 87' lang='lat' dir='ltr'>porticus,</span> <span class='ocrx_word' id='word_1_33' title='bbox 513 818 539 876; x_wconf 88' lang='lat' dir='ltr'>si</span> <span class='ocrx_word' id='word_1_34' title='bbox 556 837 667 895; x_wconf 87' lang='lat' dir='ltr'>paucos</span> <span class='ocrx_word' id='word_1_35' title='bbox 687 818 811 894; x_wconf 80' lang='lat' dir='ltr'>excipis,</span> <span class='ocrx_word' id='word_1_36' title='bbox 830 820 990 892; x_wconf 85' lang='lat' dir='ltr'>consentit,</span> <span class='ocrx_word' id='word_1_37' title='bbox 1014 819 1049 876; x_wconf 88' lang='lat' dir='ltr'>ut</span> <span class='ocrx_word' id='word_1_38' title='bbox 1071 817 1221 894; x_wconf 82' lang='lat' dir='ltr'>propriam</span> <span class='ocrx_word' id='word_1_39' title='bbox 1242 816 1337 894; x_wconf 88' lang='lat' dir='ltr'>Chry-</span> 
     </span>
     <span class='ocr_line' id='line_1_6' title="bbox 164 906 1334 982; baseline 0.001 -17"><span class='ocrx_word' id='word_1_40' title='bbox 164 906 242 982; x_wconf 89' lang='lat' dir='ltr'>sippi</span> <span class='ocrx_word' id='word_1_41' title='bbox 265 906 431 965; x_wconf 83' lang='lat' dir='ltr'>doctrinam</span> <span class='ocrx_word' id='word_1_42' title='bbox 455 906 623 967; x_wconf 89' lang='lat' dir='ltr'>discernere</span> <span class='ocrx_word' id='word_1_43' title='bbox 646 909 759 967; x_wconf 89' lang='lat' dir='ltr'>frustra</span> <span class='ocrx_word' id='word_1_44' title='bbox 783 909 943 968; x_wconf 79' lang='lat' dir='ltr'>conaturus</span> <span class='ocrx_word' id='word_1_45' title='bbox 967 908 1017 966; x_wconf 88' lang='lat' dir='ltr'>sis.</span> <span class='ocrx_word' id='word_1_46' title='bbox 1060 907 1194 982; x_wconf 84' lang='lat' dir='ltr'>exempla</span> <span class='ocrx_word' id='word_1_47' title='bbox 1220 907 1334 968; x_wconf 85' lang='lat' dir='ltr'>docent.</span> 
     </span>
     <span class='ocr_line' id='line_1_7' title="bbox 164 988 1334 1076; baseline -0.002 -20"><span class='ocrx_word' id='word_1_48' title='bbox 164 998 243 1056; x_wconf 87' lang='lat' dir='ltr'>Zeno</span> <span class='ocrx_word' id='word_1_49' title='bbox 263 995 411 1056; x_wconf 84' lang='lat' dir='ltr'>censuisse</span> <span class='ocrx_word' id='word_1_50' title='bbox 431 995 540 1055; x_wconf 90' lang='lat' dir='ltr'>dicitnr</span> <span class='ocrx_word' id='word_1_51' title='bbox 558 999 596 1057; x_wconf 91' lang='lat' dir='ltr'>ab</span> <span class='ocrx_word' id='word_1_52' title='bbox 615 997 765 1057; x_wconf 86' lang='lat' dir='ltr'>Aristocle</span> <span class='ocrx_word' id='word_1_53' title='bbox 783 996 981 1071; x_wconf 78' lang='lat' dir='ltr'>Peripatetico</span> <span class='ocrx_word' id='word_1_54' title='bbox 999 989 1124 1075; x_wconf 81' lang='lat' dir='ltr'>(Euseb.</span> <span class='ocrx_word' id='word_1_55' title='bbox 1138 995 1189 1054; x_wconf 83' lang='lat' dir='ltr'>Pu</span> <span class='ocrx_word' id='word_1_56' title='bbox 1207 995 1263 1056; x_wconf 88' lang='lat' dir='ltr'>XV</span> <span class='ocrx_word' id='word_1_57' title='bbox 1280 988 1334 1076; x_wconf 85' lang='lat'>14)</span> 
     </span>
     <span class='ocr_line' id='line_1_8' title="bbox 163 1079 1334 1160; baseline -0.001 -14"><span class='ocrx_word' id='word_1_58' title='bbox 163 1085 282 1146; x_wconf 87' lang='lat' dir='ltr'>easdem</span> <span class='ocrx_word' id='word_1_59' title='bbox 312 1103 378 1145; x_wconf 87' lang='lat' dir='ltr'>esse</span> <span class='ocrx_word' id='word_1_60' title='bbox 401 1079 592 1160; x_wconf 83' lang='grc' dir='ltr'>εἱμαρμένην</span> <span class='ocrx_word' id='word_1_61' title='bbox 615 1082 666 1145; x_wconf 87' lang='grc' dir='ltr'>καὶ</span> <span class='ocrx_word' id='word_1_62' title='bbox 689 1082 860 1160; x_wconf 75' lang='grc' dir='ltr'>ἐπιετήμην</span> <span class='ocrx_word' id='word_1_63' title='bbox 888 1081 938 1145; x_wconf 83' lang='grc' dir='ltr'>καὶ</span> <span class='ocrx_word' id='word_1_64' title='bbox 966 1079 1117 1160; x_wconf 88' lang='grc' dir='ltr'>ἀλήθειαν</span> <span class='ocrx_word' id='word_1_65' title='bbox 1147 1081 1197 1144; x_wconf 83' lang='grc' dir='ltr'>καὶ</span> <span class='ocrx_word' id='word_1_66' title='bbox 1226 1079 1334 1158; x_wconf 92' lang='grc' dir='ltr'>νόμον.</span> 
     </span>
     <span class='ocr_line' id='line_1_9' title="bbox 165 1174 1336 1252; baseline -0.003 -17"><span class='ocrx_word' id='word_1_67' title='bbox 165 1174 351 1252; x_wconf 80' lang='lat' dir='ltr'>Chrysippus</span> <span class='ocrx_word' id='word_1_68' title='bbox 374 1174 431 1234; x_wconf 89' lang='lat' dir='ltr'>fati</span> <span class='ocrx_word' id='word_1_69' title='bbox 453 1175 600 1235; x_wconf 87' lang='lat' dir='ltr'>rationem</span> <span class='ocrx_word' id='word_1_70' title='bbox 626 1175 785 1236; x_wconf 90' lang='lat' dir='ltr'>veritatem</span> <span class='ocrx_word' id='word_1_71' title='bbox 813 1193 932 1234; x_wconf 87' lang='lat' dir='ltr'>causam</span> <span class='ocrx_word' id='word_1_72' title='bbox 959 1178 1099 1234; x_wconf 90' lang='lat' dir='ltr'>naturam</span> <span class='ocrx_word' id='word_1_73' title='bbox 1125 1175 1336 1234; x_wconf 88' lang='lat' dir='ltr'>necessitatem</span> 
     </span>
     <span class='ocr_line' id='line_1_10' title="bbox 163 1256 1335 1346; baseline -0.001 -23"><span class='ocrx_word' id='word_1_74' title='bbox 163 1263 331 1340; x_wconf 89' lang='lat' dir='ltr'>promiscue</span> <span class='ocrx_word' id='word_1_75' title='bbox 350 1263 425 1322; x_wconf 88' lang='lat' dir='ltr'>dixit</span> <span class='ocrx_word' id='word_1_76' title='bbox 443 1256 516 1345; x_wconf 83' lang='lat' dir='ltr'>(lrg.</span> <span class='ocrx_word' id='word_1_77' title='bbox 536 1256 595 1346; x_wconf 86' lang='grc'>49)</span> <span class='ocrx_word' id='word_1_78' title='bbox 614 1268 645 1324; x_wconf 92' lang='lat' dir='ltr'>et</span> <span class='ocrx_word' id='word_1_79' title='bbox 662 1266 694 1324; x_wconf 92' lang='lat' dir='ltr'>in</span> <span class='ocrx_word' id='word_1_80' title='bbox 712 1264 799 1324; x_wconf 89' lang='lat' dir='ltr'>libris</span> <span class='ocrx_word' id='word_1_81' title='bbox 818 1265 854 1323; x_wconf 90' lang='lat' dir='ltr'>de</span> <span class='ocrx_word' id='word_1_82' title='bbox 873 1264 935 1324; x_wconf 84' lang='lat' dir='ltr'>sato</span> <span class='ocrx_word' id='word_1_83' title='bbox 956 1266 987 1322; x_wconf 87' lang='lat' dir='ltr'>et</span> <span class='ocrx_word' id='word_1_84' title='bbox 1005 1263 1110 1322; x_wconf 90' lang='lat' dir='ltr'>dubito</span> <span class='ocrx_word' id='word_1_85' title='bbox 1130 1282 1168 1321; x_wconf 88' lang='lat' dir='ltr'>an</span> <span class='ocrx_word' id='word_1_86' title='bbox 1187 1263 1280 1322; x_wconf 89' lang='lat' dir='ltr'>etiam</span> <span class='ocrx_word' id='word_1_87' title='bbox 1298 1264 1335 1322; x_wconf 93' lang='lat' dir='ltr'>de</span> 
     </span>
     <span class='ocr_line' id='line_1_11' title="bbox 162 1344 1336 1434; baseline 0.001 -22"><span class='ocrx_word' id='word_1_88' title='bbox 162 1352 363 1430; x_wconf 66' lang='lat' dir='ltr'>providentia,</span> <span class='ocrx_word' id='word_1_89' title='bbox 387 1355 466 1412; x_wconf 88' lang='lat' dir='ltr'>certe</span> <span class='ocrx_word' id='word_1_90' title='bbox 490 1344 640 1434; x_wconf 88' lang='lat' dir='ltr'>(Phaedro</span> <span class='ocrx_word' id='word_1_91' title='bbox 664 1354 791 1414; x_wconf 81' lang='lat' dir='ltr'>fortasse</span> <span class='ocrx_word' id='word_1_92' title='bbox 814 1356 948 1429; x_wconf 89' lang='lat' dir='ltr'>auctore,</span> <span class='ocrx_word' id='word_1_93' title='bbox 974 1352 1011 1412; x_wconf 84' lang='lat' dir='ltr'>cf.</span> <span class='ocrx_word' id='word_1_94' title='bbox 1030 1352 1112 1411; x_wconf 75' lang='lat' dir='ltr'>Diels</span> <span class='ocrx_word' id='word_1_95' title='bbox 1131 1352 1263 1429; x_wconf 82' lang='lat' dir='ltr'>Doxogr.</span> <span class='ocrx_word' id='word_1_96' title='bbox 1285 1351 1336 1414; x_wconf 83' lang='lat' dir='ltr'>Gr.</span> 
     </span>
     <span class='ocr_line' id='line_1_12' title="bbox 162 1436 1335 1522; baseline -0.001 -21"><span class='ocrx_word' id='word_1_97' title='bbox 162 1461 191 1521; x_wconf 92' lang='lat' dir='ltr'>p.</span> <span class='ocrx_word' id='word_1_98' title='bbox 214 1444 287 1503; x_wconf 98' lang='grc'><strong>127.</strong></span> <span class='ocrx_word' id='word_1_99' title='bbox 307 1444 399 1501; x_wconf 74' lang='lat' dir='ltr'>ensa</span> <span class='ocrx_word' id='word_1_100' title='bbox 420 1445 460 1501; x_wconf 88' lang='grc'>20</span> <span class='ocrx_word' id='word_1_101' title='bbox 481 1461 548 1502; x_wconf 91' lang='lat' dir='ltr'>cum</span> <span class='ocrx_word' id='word_1_102' title='bbox 567 1436 648 1522; x_wconf 83' lang='lat' dir='ltr'>adn.)</span> <span class='ocrx_word' id='word_1_103' title='bbox 668 1442 813 1518; x_wconf 89' lang='lat' dir='ltr'>inprime</span> <span class='ocrx_word' id='word_1_104' title='bbox 837 1438 909 1515; x_wconf 89' lang='grc' dir='ltr'>περὶ</span> <span class='ocrx_word' id='word_1_105' title='bbox 936 1440 1020 1502; x_wconf 88' lang='grc' dir='ltr'>θεῶν</span> <span class='ocrx_word' id='word_1_106' title='bbox 1038 1442 1115 1502; x_wconf 92' lang='lat' dir='ltr'>libro</span> <span class='ocrx_word' id='word_1_107' title='bbox 1135 1441 1274 1501; x_wconf 88' lang='lat' dir='ltr'>similiter</span> <span class='ocrx_word' id='word_1_108' title='bbox 1292 1443 1335 1500; x_wconf 87' lang='lat' dir='ltr'>fa-</span> 
     </span>
     <span class='ocr_line' id='line_1_13' title="bbox 161 1531 1336 1608; baseline -0.003 -17"><span class='ocrx_word' id='word_1_109' title='bbox 161 1532 255 1591; x_wconf 87' lang='lat' dir='ltr'>talem</span> <span class='ocrx_word' id='word_1_110' title='bbox 272 1532 483 1590; x_wconf 89' lang='lat' dir='ltr'>necessitatem</span> <span class='ocrx_word' id='word_1_111' title='bbox 503 1533 773 1608; x_wconf 88' lang='lat' dir='ltr'>sempiternamque</span> <span class='ocrx_word' id='word_1_112' title='bbox 791 1551 893 1591; x_wconf 88' lang='lat' dir='ltr'>rerum</span> <span class='ocrx_word' id='word_1_113' title='bbox 916 1531 1086 1590; x_wconf 88' lang='lat' dir='ltr'>futurarum</span> <span class='ocrx_word' id='word_1_114' title='bbox 1105 1531 1265 1590; x_wconf 87' lang='lat' dir='ltr'>veritatem</span> <span class='ocrx_word' id='word_1_115' title='bbox 1285 1550 1336 1606; x_wconf 91' lang='lat' dir='ltr'>ap-</span> 
     </span>
     <span class='ocr_line' id='line_1_14' title="bbox 161 1612 1334 1702; baseline -0.001 -22"><span class='ocrx_word' id='word_1_116' title='bbox 161 1621 287 1697; x_wconf 90' lang='lat' dir='ltr'>pellavit</span> <span class='ocrx_word' id='word_1_117' title='bbox 305 1621 401 1678; x_wconf 87' lang='lat' dir='ltr'>fatum</span> <span class='ocrx_word' id='word_1_118' title='bbox 419 1621 468 1680; x_wconf 89' lang='lat' dir='ltr'>vel</span> <span class='ocrx_word' id='word_1_119' title='bbox 486 1619 589 1680; x_wconf 88' lang='lat' dir='ltr'>Iovem</span> <span class='ocrx_word' id='word_1_120' title='bbox 611 1612 682 1702; x_wconf 83' lang='lat' dir='ltr'>(irg.</span> <span class='ocrx_word' id='word_1_121' title='bbox 704 1613 769 1700; x_wconf 90' lang='lat'>10).</span> <span class='ocrx_word' id='word_1_122' title='bbox 806 1621 886 1679; x_wconf 91' lang='lat' dir='ltr'>idem</span> <span class='ocrx_word' id='word_1_123' title='bbox 905 1617 1007 1679; x_wconf 83' lang='lat' dir='ltr'>Cicero</span> <span class='ocrx_word' id='word_1_124' title='bbox 1026 1619 1063 1679; x_wconf 91' lang='lat' dir='ltr'>de</span> <span class='ocrx_word' id='word_1_125' title='bbox 1082 1620 1140 1680; x_wconf 90' lang='lat' dir='ltr'>div.</span> <span class='ocrx_word' id='word_1_126' title='bbox 1154 1619 1173 1677; x_wconf 92' lang='grc' dir='ltr'>·Ι</span> <span class='ocrx_word' id='word_1_127' title='bbox 1195 1621 1250 1696; x_wconf 87' lang='lat'>55,</span> <span class='ocrx_word' id='word_1_128' title='bbox 1273 1621 1334 1679; x_wconf 86' lang='grc'>125</span> 
     </span>
     <span class='ocr_line' id='line_1_15' title="bbox 162 1703 1337 1784; baseline -0.003 -15"><span class='ocrx_word' id='word_1_129' title='bbox 162 1709 363 1783; x_wconf 87' lang='lat' dir='ltr'>Posidonium,</span> <span class='ocrx_word' id='word_1_130' title='bbox 383 1709 408 1768; x_wconf 89' lang='lat' dir='ltr'>si</span> <span class='ocrx_word' id='word_1_131' title='bbox 428 1709 602 1768; x_wconf 82' lang='lat' dir='ltr'>Schicheum</span> <span class='ocrx_word' id='word_1_132' title='bbox 622 1709 722 1784; x_wconf 89' lang='lat' dir='ltr'>audis,</span> <span class='ocrx_word' id='word_1_133' title='bbox 745 1713 864 1769; x_wconf 88' lang='lat' dir='ltr'>secutus</span> <span class='ocrx_word' id='word_1_134' title='bbox 889 1709 995 1767; x_wconf 89' lang='lat' dir='ltr'>tradit:</span> <span class='ocrx_word' id='word_1_135' title='bbox 1020 1703 1190 1782; x_wconf 87' lang='grc' dir='ltr'>εἱμαρμένη</span> <span class='ocrx_word' id='word_1_136' title='bbox 1215 1703 1278 1768; x_wconf 72' lang='lat' dir='ltr'>‘est</span> <span class='ocrx_word' id='word_1_137' title='bbox 1301 1729 1337 1768; x_wconf 83' lang='lat' dir='ltr'>ex</span> 
     </span>
     <span class='ocr_line' id='line_1_16' title="bbox 163 1792 1335 1876; baseline -0.002 -18"><span class='ocrx_word' id='word_1_138' title='bbox 163 1799 244 1858; x_wconf 90' lang='lat' dir='ltr'>omni</span> <span class='ocrx_word' id='word_1_139' title='bbox 262 1799 442 1858; x_wconf 87' lang='lat' dir='ltr'>aeternitate</span> <span class='ocrx_word' id='word_1_140' title='bbox 465 1799 559 1858; x_wconf 88' lang='lat' dir='ltr'>fluens</span> <span class='ocrx_word' id='word_1_141' title='bbox 582 1799 694 1859; x_wconf 88' lang='lat' dir='ltr'>veritas</span> <span class='ocrx_word' id='word_1_142' title='bbox 719 1792 929 1876; x_wconf 80' lang='lat' dir='ltr'>sempiterna&#39;3</span> <span class='ocrx_word' id='word_1_143' title='bbox 954 1801 1043 1873; x_wconf 87' lang='lat' dir='ltr'>atque</span> <span class='ocrx_word' id='word_1_144' title='bbox 1064 1799 1152 1874; x_wconf 88' lang='lat' dir='ltr'>plura</span> <span class='ocrx_word' id='word_1_145' title='bbox 1171 1797 1259 1857; x_wconf 88' lang='lat' dir='ltr'>huius</span> <span class='ocrx_word' id='word_1_146' title='bbox 1278 1798 1335 1857; x_wconf 88' lang='lat' dir='ltr'>loci</span> 
     </span>
     <span class='ocr_line' id='line_1_17' title="bbox 162 1886 1336 1964; baseline -0.001 -17"><span class='ocrx_word' id='word_1_147' title='bbox 162 1889 207 1947; x_wconf 87' lang='lat' dir='ltr'>ita</span> <span class='ocrx_word' id='word_1_148' title='bbox 225 1888 263 1946; x_wconf 92' lang='lat' dir='ltr'>ad</span> <span class='ocrx_word' id='word_1_149' title='bbox 283 1886 444 1964; x_wconf 84' lang='lat' dir='ltr'>Chrysippi</span> <span class='ocrx_word' id='word_1_150' title='bbox 468 1888 607 1948; x_wconf 87' lang='lat' dir='ltr'>accedere</span> <span class='ocrx_word' id='word_1_151' title='bbox 624 1888 765 1948; x_wconf 88' lang='lat' dir='ltr'>videntur</span> <span class='ocrx_word' id='word_1_152' title='bbox 784 1887 961 1960; x_wconf 90' lang='lat' dir='ltr'>doctrinam,</span> <span class='ocrx_word' id='word_1_153' title='bbox 985 1890 1019 1945; x_wconf 91' lang='lat' dir='ltr'>ut</span> <span class='ocrx_word' id='word_1_154' title='bbox 1042 1890 1140 1948; x_wconf 91' lang='lat' dir='ltr'>totum</span> <span class='ocrx_word' id='word_1_155' title='bbox 1159 1887 1237 1946; x_wconf 90' lang='lat' dir='ltr'>inter</span> <span class='ocrx_word' id='word_1_156' title='bbox 1255 1887 1336 1963; x_wconf 84' lang='lat' dir='ltr'>frag-</span> 
     </span>
     <span class='ocr_line' id='line_1_18' title="bbox 164 1968 1336 2058; baseline -0.001 -23"><span class='ocrx_word' id='word_1_157' title='bbox 164 1968 317 2058; x_wconf 78' lang='lat' dir='ltr'>menta&#39;(s.</span> <span class='ocrx_word' id='word_1_158' title='bbox 332 1997 360 2038; x_wconf 93' lang='lat' dir='ltr'>n.</span> <span class='ocrx_word' id='word_1_159' title='bbox 376 1968 434 2058; x_wconf 90' lang='grc'>43)</span> <span class='ocrx_word' id='word_1_160' title='bbox 448 1978 618 2054; x_wconf 89' lang='lat' dir='ltr'>receperim.</span> <span class='ocrx_word' id='word_1_161' title='bbox 646 1979 705 2036; x_wconf 90' lang='lat' dir='ltr'>iam</span> <span class='ocrx_word' id='word_1_162' title='bbox 722 1981 865 2054; x_wconf 88' lang='lat' dir='ltr'>sequatur</span> <span class='ocrx_word' id='word_1_163' title='bbox 883 1978 1011 2036; x_wconf 89' lang='lat' dir='ltr'>alterum</span> <span class='ocrx_word' id='word_1_164' title='bbox 1025 1977 1203 2052; x_wconf 88' lang='lat' dir='ltr'>exemplum.</span> <span class='ocrx_word' id='word_1_165' title='bbox 1232 1976 1336 2034; x_wconf 91' lang='lat' dir='ltr'>mundi</span> 
     </span>
     <span class='ocr_line' id='line_1_19' title="bbox 164 2062 1334 2143; baseline -0.001 -18"><span class='ocrx_word' id='word_1_166' title='bbox 164 2066 351 2126; x_wconf 88' lang='lat' dir='ltr'>definitiones</span> <span class='ocrx_word' id='word_1_167' title='bbox 365 2066 465 2126; x_wconf 86' lang='lat' dir='ltr'>Laert.</span> <span class='ocrx_word' id='word_1_168' title='bbox 479 2067 565 2143; x_wconf 85' lang='lat' dir='ltr'>Diog.</span> <span class='ocrx_word' id='word_1_169' title='bbox 581 2066 639 2125; x_wconf 87' lang='lat' dir='ltr'>VII</span> <span class='ocrx_word' id='word_1_170' title='bbox 656 2068 716 2126; x_wconf 95' lang='grc'>137</span> <span class='ocrx_word' id='word_1_171' title='bbox 730 2086 773 2143; x_wconf 88' lang='lat' dir='ltr'>sq.</span> <span class='ocrx_word' id='word_1_172' title='bbox 790 2067 875 2142; x_wconf 90' lang='lat' dir='ltr'>ponit</span> <span class='ocrx_word' id='word_1_173' title='bbox 888 2065 1089 2143; x_wconf 87' lang='lat' dir='ltr'>Posidonium,</span> <span class='ocrx_word' id='word_1_174' title='bbox 1108 2068 1143 2123; x_wconf 91' lang='lat' dir='ltr'>ut</span> <span class='ocrx_word' id='word_1_175' title='bbox 1156 2065 1221 2141; x_wconf 89' lang='lat' dir='ltr'>ipse</span> <span class='ocrx_word' id='word_1_176' title='bbox 1236 2062 1255 2138; x_wconf 69' lang='grc' dir='ltr'>ξ</span> <span class='ocrx_word' id='word_1_177' title='bbox 1273 2067 1334 2125; x_wconf 87' lang='grc'>138</span> 
     </span>
     <span class='ocr_line' id='line_1_20' title="bbox 164 2154 1337 2232; baseline -0.003 -16"><span class='ocrx_word' id='word_1_178' title='bbox 164 2155 329 2232; x_wconf 87' lang='lat' dir='ltr'>adnotavit,</span> <span class='ocrx_word' id='word_1_179' title='bbox 349 2160 476 2214; x_wconf 90' lang='lat' dir='ltr'>secutus.</span> <span class='ocrx_word' id='word_1_180' title='bbox 510 2157 629 2215; x_wconf 89' lang='lat' dir='ltr'>casdem</span> <span class='ocrx_word' id='word_1_181' title='bbox 648 2155 778 2232; x_wconf 82' lang='lat' dir='ltr'>praefixo</span> <span class='ocrx_word' id='word_1_182' title='bbox 793 2154 954 2232; x_wconf 87' lang='lat' dir='ltr'>Chrysippi</span> <span class='ocrx_word' id='word_1_183' title='bbox 968 2155 1087 2213; x_wconf 88' lang='lat' dir='ltr'>nomine</span> <span class='ocrx_word' id='word_1_184' title='bbox 1105 2154 1231 2213; x_wconf 88' lang='lat' dir='ltr'>tradidit</span> <span class='ocrx_word' id='word_1_185' title='bbox 1246 2154 1337 2212; x_wconf 89' lang='lat' dir='ltr'>Arius</span> 
     </span>
     <span class='ocr_line' id='line_1_21' title="bbox 163 2237 1338 2324; baseline -0.003 -21"><span class='ocrx_word' id='word_1_186' title='bbox 163 2245 309 2322; x_wconf 87' lang='lat' dir='ltr'>Didymus</span> <span class='ocrx_word' id='word_1_187' title='bbox 329 2239 400 2324; x_wconf 84' lang='lat' dir='ltr'>(frg.</span> <span class='ocrx_word' id='word_1_188' title='bbox 421 2247 460 2304; x_wconf 88' lang='lat'>31</span> <span class='ocrx_word' id='word_1_189' title='bbox 479 2269 520 2293; x_wconf 92' lang='lat'>=</span> <span class='ocrx_word' id='word_1_190' title='bbox 536 2243 641 2322; x_wconf 90' lang='lat' dir='ltr'>Chrys.</span> <span class='ocrx_word' id='word_1_191' title='bbox 660 2245 716 2321; x_wconf 82' lang='lat' dir='ltr'>frg.</span> <span class='ocrx_word' id='word_1_192' title='bbox 735 2237 801 2324; x_wconf 85' lang='lat'>18):</span> <span class='ocrx_word' id='word_1_193' title='bbox 826 2245 927 2321; x_wconf 89' lang='lat' dir='ltr'>itaque</span> <span class='ocrx_word' id='word_1_194' title='bbox 947 2243 1109 2302; x_wconf 83' lang='lat' dir='ltr'>Laertiana</span> <span class='ocrx_word' id='word_1_195' title='bbox 1129 2241 1226 2301; x_wconf 89' lang='lat' dir='ltr'>eidem</span> <span class='ocrx_word' id='word_1_196' title='bbox 1245 2241 1338 2320; x_wconf 87' lang='lat' dir='ltr'>Chry-</span> 
     </span>
     <span class='ocr_line' id='line_1_22' title="bbox 164 2325 1337 2414; baseline -0.002 -21"><span class='ocrx_word' id='word_1_197' title='bbox 164 2335 249 2410; x_wconf 89' lang='lat' dir='ltr'>sippo</span> <span class='ocrx_word' id='word_1_198' title='bbox 272 2334 422 2394; x_wconf 90' lang='lat' dir='ltr'>vindicare</span> <span class='ocrx_word' id='word_1_199' title='bbox 441 2353 500 2395; x_wconf 94' lang='lat' dir='ltr'>non</span> <span class='ocrx_word' id='word_1_200' title='bbox 519 2334 654 2394; x_wconf 90' lang='lat' dir='ltr'>dubitavi</span> <span class='ocrx_word' id='word_1_201' title='bbox 674 2326 746 2414; x_wconf 85' lang='lat' dir='ltr'>(frg.</span> <span class='ocrx_word' id='word_1_202' title='bbox 772 2325 826 2414; x_wconf 94' lang='grc'>17)</span> <span class='ocrx_word' id='word_1_203' title='bbox 850 2336 880 2393; x_wconf 89' lang='lat' dir='ltr'>et</span> <span class='ocrx_word' id='word_1_204' title='bbox 904 2333 1008 2393; x_wconf 89' lang='lat' dir='ltr'>eodem</span> <span class='ocrx_word' id='word_1_205' title='bbox 1030 2334 1096 2391; x_wconf 88' lang='lat' dir='ltr'>iure</span> <span class='ocrx_word' id='word_1_206' title='bbox 1121 2333 1337 2408; x_wconf 88' lang='lat' dir='ltr'>generaliorem</span> 
     </span>
     <span class='ocr_line' id='line_1_23' title="bbox 165 2421 1338 2500; baseline -0.003 -17"><span class='ocrx_word' id='word_1_207' title='bbox 165 2424 193 2483; x_wconf 89' lang='lat' dir='ltr'>ei</span> <span class='ocrx_word' id='word_1_208' title='bbox 211 2423 345 2482; x_wconf 87' lang='lat' dir='ltr'>tribuere</span> <span class='ocrx_word' id='word_1_209' title='bbox 363 2425 450 2499; x_wconf 91' lang='lat' dir='ltr'>potui</span> <span class='ocrx_word' id='word_1_210' title='bbox 468 2422 637 2500; x_wconf 90' lang='lat' dir='ltr'>opinionem</span> <span class='ocrx_word' id='word_1_211' title='bbox 657 2421 833 2497; x_wconf 81' lang='lat' dir='ltr'>Stoicorum,</span> <span class='ocrx_word' id='word_1_212' title='bbox 852 2441 942 2498; x_wconf 92' lang='lat' dir='ltr'>quam</span> <span class='ocrx_word' id='word_1_213' title='bbox 960 2423 1051 2480; x_wconf 87' lang='lat' dir='ltr'>Arius</span> <span class='ocrx_word' id='word_1_214' title='bbox 1070 2422 1128 2497; x_wconf 84' lang='lat' dir='ltr'>frg.</span> <span class='ocrx_word' id='word_1_215' title='bbox 1144 2423 1184 2480; x_wconf 92' lang='grc'>29</span> <span class='ocrx_word' id='word_1_216' title='bbox 1206 2421 1338 2480; x_wconf 86' lang='lat' dir='ltr'>exhibet:</span> 
     </span>
     <span class='ocr_line' id='line_1_24' title="bbox 164 2511 1340 2589; baseline -0.002 -18"><span class='ocrx_word' id='word_1_217' title='bbox 164 2517 226 2572; x_wconf 89' lang='lat' dir='ltr'>tres</span> <span class='ocrx_word' id='word_1_218' title='bbox 243 2513 321 2571; x_wconf 91' lang='lat' dir='ltr'>enim</span> <span class='ocrx_word' id='word_1_219' title='bbox 340 2512 410 2571; x_wconf 90' lang='lat' dir='ltr'>illae</span> <span class='ocrx_word' id='word_1_220' title='bbox 423 2513 568 2588; x_wconf 89' lang='lat' dir='ltr'>reliquiae</span> <span class='ocrx_word' id='word_1_221' title='bbox 582 2514 619 2572; x_wconf 90' lang='lat' dir='ltr'>ad</span> <span class='ocrx_word' id='word_1_222' title='bbox 638 2533 731 2571; x_wconf 91' lang='lat' dir='ltr'>unum</span> <span class='ocrx_word' id='word_1_223' title='bbox 746 2513 932 2589; x_wconf 88' lang='lat' dir='ltr'>eundemque</span> <span class='ocrx_word' id='word_1_224' title='bbox 946 2511 1072 2571; x_wconf 89' lang='lat' dir='ltr'>redeunt</span> <span class='ocrx_word' id='word_1_225' title='bbox 1086 2511 1208 2570; x_wconf 88' lang='lat' dir='ltr'>fontem.</span> <span class='ocrx_word' id='word_1_226' title='bbox 1239 2514 1340 2569; x_wconf 89' lang='lat' dir='ltr'>tamen</span> 
     </span>
     <span class='ocr_line' id='line_1_25' title="bbox 164 2600 1338 2677; baseline -0.003 -16"><span class='ocrx_word' id='word_1_227' title='bbox 164 2622 199 2662; x_wconf 87' lang='lat' dir='ltr'>ex</span> <span class='ocrx_word' id='word_1_228' title='bbox 219 2604 274 2661; x_wconf 91' lang='lat' dir='ltr'>hoc</span> <span class='ocrx_word' id='word_1_229' title='bbox 292 2603 461 2677; x_wconf 84' lang='lat' dir='ltr'>fragmento</span> <span class='ocrx_word' id='word_1_230' title='bbox 480 2621 573 2662; x_wconf 90' lang='lat' dir='ltr'>uuum</span> <span class='ocrx_word' id='word_1_231' title='bbox 591 2601 713 2662; x_wconf 87' lang='lat' dir='ltr'>haurire</span> <span class='ocrx_word' id='word_1_232' title='bbox 731 2603 829 2661; x_wconf 91' lang='lat' dir='ltr'>locum</span> <span class='ocrx_word' id='word_1_233' title='bbox 849 2602 923 2661; x_wconf 89' lang='lat' dir='ltr'>satis</span> <span class='ocrx_word' id='word_1_234' title='bbox 948 2600 1055 2674; x_wconf 86' lang='lat' dir='ltr'>habui,</span> <span class='ocrx_word' id='word_1_235' title='bbox 1080 2600 1132 2677; x_wconf 89' lang='lat' dir='ltr'>qui</span> <span class='ocrx_word' id='word_1_236' title='bbox 1149 2600 1228 2658; x_wconf 91' lang='lat' dir='ltr'>unde</span> <span class='ocrx_word' id='word_1_237' title='bbox 1247 2600 1338 2658; x_wconf 87' lang='lat' dir='ltr'>deflu-</span> 
     </span>
     <span class='ocr_line' id='line_1_26' title="bbox 163 2681 1339 2770; baseline -0.004 -20"><span class='ocrx_word' id='word_1_238' title='bbox 163 2692 241 2751; x_wconf 88' lang='lat' dir='ltr'>xerit</span> <span class='ocrx_word' id='word_1_239' title='bbox 259 2691 291 2750; x_wconf 91' lang='lat' dir='ltr'>in</span> <span class='ocrx_word' id='word_1_240' title='bbox 309 2691 422 2750; x_wconf 87' lang='lat' dir='ltr'>Laertii</span> <span class='ocrx_word' id='word_1_241' title='bbox 441 2696 471 2751; x_wconf 90' lang='lat' dir='ltr'>et</span> <span class='ocrx_word' id='word_1_242' title='bbox 490 2691 613 2768; x_wconf 89' lang='lat' dir='ltr'>Didymi</span> <span class='ocrx_word' id='word_1_243' title='bbox 629 2691 744 2752; x_wconf 84' lang='lat' dir='ltr'>rivulos</span> <span class='ocrx_word' id='word_1_244' title='bbox 762 2691 814 2750; x_wconf 92' lang='lat' dir='ltr'>ille</span> <span class='ocrx_word' id='word_1_245' title='bbox 839 2691 903 2766; x_wconf 87' lang='lat' dir='ltr'>ipse</span> <span class='ocrx_word' id='word_1_246' title='bbox 921 2693 1055 2762; x_wconf 86' lang='lat' dir='ltr'>testatur</span> <span class='ocrx_word' id='word_1_247' title='bbox 1074 2681 1146 2770; x_wconf 83' lang='lat' dir='ltr'>(frg.</span> <span class='ocrx_word' id='word_1_248' title='bbox 1168 2681 1211 2768; x_wconf 88' lang='grc'>7).</span> <span class='ocrx_word' id='word_1_249' title='bbox 1248 2689 1339 2746; x_wconf 90' lang='lat' dir='ltr'>aliam</span> 
     </span>
     <span class='ocr_line' id='line_1_27' title="bbox 165 2769 1339 2857; baseline -0.003 -18"><span class='ocrx_word' id='word_1_250' title='bbox 165 2781 202 2839; x_wconf 94' lang='lat' dir='ltr'>de</span> <span class='ocrx_word' id='word_1_251' title='bbox 220 2781 330 2839; x_wconf 90' lang='lat' dir='ltr'>mundo</span> <span class='ocrx_word' id='word_1_252' title='bbox 350 2781 516 2840; x_wconf 90' lang='lat' dir='ltr'>doctrinam</span> <span class='ocrx_word' id='word_1_253' title='bbox 541 2781 667 2840; x_wconf 90' lang='lat' dir='ltr'>tradidit</span> <span class='ocrx_word' id='word_1_254' title='bbox 685 2780 846 2856; x_wconf 88' lang='lat' dir='ltr'>Antipater</span> <span class='ocrx_word' id='word_1_255' title='bbox 870 2773 921 2857; x_wconf 87' lang='lat' dir='ltr'>(D.</span> <span class='ocrx_word' id='word_1_256' title='bbox 940 2778 974 2838; x_wconf 86' lang='lat' dir='ltr'>L.</span> <span class='ocrx_word' id='word_1_257' title='bbox 994 2777 1054 2836; x_wconf 92' lang='lat' dir='ltr'>VII</span> <span class='ocrx_word' id='word_1_258' title='bbox 1075 2769 1153 2857; x_wconf 93' lang='grc'><strong>139)</strong></span> <span class='ocrx_word' id='word_1_259' title='bbox 1175 2773 1234 2836; x_wconf 84' lang='grc' dir='ltr'>τὸν</span> <span class='ocrx_word' id='word_1_260' title='bbox 1258 2772 1339 2836; x_wconf 81' lang='grc' dir='ltr'>ὅλον</span> 
     </span>
     <span class='ocr_line' id='line_1_28' title="bbox 165 2863 1339 2949; baseline -0.002 -21"><span class='ocrx_word' id='word_1_261' title='bbox 165 2865 282 2943; x_wconf 78' lang='grc' dir='ltr'>κόεμον</span> <span class='ocrx_word' id='word_1_262' title='bbox 305 2869 391 2949; x_wconf 84' lang='grc' dir='ltr'>Ζῷον</span> <span class='ocrx_word' id='word_1_263' title='bbox 410 2863 490 2930; x_wconf 87' lang='grc' dir='ltr'>ὄντα</span> <span class='ocrx_word' id='word_1_264' title='bbox 508 2866 560 2929; x_wconf 88' lang='grc' dir='ltr'>καὶ</span> <span class='ocrx_word' id='word_1_265' title='bbox 578 2864 725 2944; x_wconf 87' lang='grc' dir='ltr'>ἔμψυχον</span> <span class='ocrx_word' id='word_1_266' title='bbox 749 2866 799 2928; x_wconf 89' lang='grc' dir='ltr'>καὶ</span> <span class='ocrx_word' id='word_1_267' title='bbox 819 2863 962 2942; x_wconf 85' lang='grc' dir='ltr'>λογικόν,</span> <span class='ocrx_word' id='word_1_268' title='bbox 986 2867 1018 2925; x_wconf 89' lang='lat' dir='ltr'>id</span> <span class='ocrx_word' id='word_1_269' title='bbox 1036 2866 1114 2944; x_wconf 89' lang='lat' dir='ltr'>quod</span> <span class='ocrx_word' id='word_1_270' title='bbox 1135 2886 1153 2924; x_wconf 90' lang='lat' dir='ltr'>a</span> <span class='ocrx_word' id='word_1_271' title='bbox 1171 2865 1339 2943; x_wconf 84' lang='lat' dir='ltr'>Chrysippo</span> 
     </span>
     <span class='ocr_line' id='line_1_29' title="bbox 164 2955 1338 3036; baseline -0.003 -19"><span class='ocrx_word' id='word_1_272' title='bbox 164 2977 326 3035; x_wconf 84' lang='lat' dir='ltr'>usurpasse</span> <span class='ocrx_word' id='word_1_273' title='bbox 349 2979 417 3018; x_wconf 91' lang='lat' dir='ltr'>eum</span> <span class='ocrx_word' id='word_1_274' title='bbox 441 2959 617 3032; x_wconf 85' lang='lat' dir='ltr'>affirmabis,</span> <span class='ocrx_word' id='word_1_275' title='bbox 642 2960 667 3018; x_wconf 88' lang='lat' dir='ltr'>si</span> <span class='ocrx_word' id='word_1_276' title='bbox 686 2959 774 3016; x_wconf 91' lang='lat' dir='ltr'>huius</span> <span class='ocrx_word' id='word_1_277' title='bbox 794 2959 851 3036; x_wconf 85' lang='lat' dir='ltr'>frg.</span> <span class='ocrx_word' id='word_1_278' title='bbox 872 2960 889 3017; x_wconf 89' lang='grc'><strong>9</strong></span> <span class='ocrx_word' id='word_1_279' title='bbox 915 2960 946 3016; x_wconf 90' lang='lat' dir='ltr'>ct</span> <span class='ocrx_word' id='word_1_280' title='bbox 970 2960 1011 3016; x_wconf 91' lang='lat'>10</span> <span class='ocrx_word' id='word_1_281' title='bbox 1035 2956 1152 3035; x_wconf 87' lang='lat' dir='ltr'>legeris.</span> <span class='ocrx_word' id='word_1_282' title='bbox 1189 2955 1248 3014; x_wconf 91' lang='lat' dir='ltr'>iam</span> <span class='ocrx_word' id='word_1_283' title='bbox 1267 2973 1338 3016; x_wconf 91' lang='lat' dir='ltr'>vero</span> 
     </span>
     <span class='ocr_line' id='line_1_30' title="bbox 163 3048 371 3108; baseline 0 -1"><span class='ocrx_word' id='word_1_284' title='bbox 163 3049 237 3108; x_wconf 90' lang='lat' dir='ltr'>haec</span> <span class='ocrx_word' id='word_1_285' title='bbox 256 3048 371 3107; x_wconf 84' lang='lat' dir='ltr'>confer:</span> 
     </span>
    </p>
   </div>
   <div class='ocr_carea' id='block_1_3' title="bbox 137 3145 1339 4470">
    <p class='ocr_par' dir='ltr' id='par_1_3' title="bbox 165 3145 726 3222">
     <span class='ocr_line' id='line_1_31' title="bbox 165 3145 726 3222; baseline 0.004 -17"><span class='ocrx_word' id='word_1_286' title='bbox 165 3145 266 3205; x_wconf 87' lang='lat' dir='ltr'>Cicd.</span> <span class='ocrx_word' id='word_1_287' title='bbox 283 3145 726 3222; x_wconf 82' lang='lat' dir='ltr'>d.n.1117,45sq.scdcum</span> 
     </span>
    </p>

    <p class='ocr_par' dir='ltr' id='par_1_4' title="bbox 164 3235 725 3296">
     <span class='ocr_line' id='line_1_32' title="bbox 164 3235 725 3296; baseline 0 -2"><span class='ocrx_word' id='word_1_288' title='bbox 164 3235 258 3294; x_wconf 90' lang='lat' dir='ltr'>talem</span> <span class='ocrx_word' id='word_1_289' title='bbox 285 3253 350 3294; x_wconf 88' lang='lat' dir='ltr'>esee</span> <span class='ocrx_word' id='word_1_290' title='bbox 379 3237 467 3294; x_wconf 92' lang='lat' dir='ltr'>deum</span> <span class='ocrx_word' id='word_1_291' title='bbox 495 3238 577 3294; x_wconf 89' lang='lat' dir='ltr'>certa</span> <span class='ocrx_word' id='word_1_292' title='bbox 604 3236 725 3296; x_wconf 91' lang='lat' dir='ltr'>notione</span> 
     </span>
    </p>

    <p class='ocr_par' dir='ltr' id='par_1_5' title="bbox 164 3323 726 3400">
     <span class='ocr_line' id='line_1_33' title="bbox 164 3323 726 3400; baseline 0.004 -17"><span class='ocrx_word' id='word_1_293' title='bbox 164 3323 257 3383; x_wconf 81' lang='lat' dir='ltr'>ammi</span> <span class='ocrx_word' id='word_1_294' title='bbox 280 3324 517 3400; x_wconf 87' lang='lat' dir='ltr'>praesentiamus</span> <span class='ocrx_word' id='word_1_295' title='bbox 541 3324 670 3400; x_wconf 90' lang='lat' dir='ltr'>primum</span> <span class='ocrx_word' id='word_1_296' title='bbox 693 3327 726 3385; x_wconf 91' lang='lat' dir='ltr'>ut</span> 
     </span>
    </p>

    <p class='ocr_par' dir='ltr' id='par_1_6' title="bbox 137 3409 1339 3933">
     <span class='ocr_line' id='line_1_34' title="bbox 164 3409 1338 3492; baseline -0.002 -19"><span class='ocrx_word' id='word_1_297' title='bbox 164 3415 204 3473; x_wconf 89' lang='lat' dir='ltr'>sit</span> <span class='ocrx_word' id='word_1_298' title='bbox 219 3413 354 3472; x_wconf 89' lang='lat' dir='ltr'>animans</span> <span class='ocrx_word' id='word_1_299' title='bbox 369 3414 475 3472; x_wconf 89' lang='lat' dir='ltr'>deinde</span> <span class='ocrx_word' id='word_1_300' title='bbox 487 3415 521 3472; x_wconf 92' lang='lat' dir='ltr'>ut</span> <span class='ocrx_word' id='word_1_301' title='bbox 535 3414 566 3472; x_wconf 89' lang='lat' dir='ltr'>in</span> <span class='ocrx_word' id='word_1_302' title='bbox 581 3413 661 3473; x_wconf 89' lang='lat' dir='ltr'>omni</span> <span class='ocrx_word' id='word_1_303' title='bbox 674 3433 725 3474; x_wconf 90' lang='lat' dir='ltr'>na·</span> <span class='ocrx_word' id='word_1_304' title='bbox 780 3413 816 3475; x_wconf 84' lang='grc' dir='ltr'>Ι).</span> <span class='ocrx_word' id='word_1_305' title='bbox 830 3414 863 3474; x_wconf 87' lang='lat' dir='ltr'>L.</span> <span class='ocrx_word' id='word_1_306' title='bbox 877 3413 935 3472; x_wconf 90' lang='lat' dir='ltr'>VII</span> <span class='ocrx_word' id='word_1_307' title='bbox 951 3415 1013 3472; x_wconf 88' lang='grc'>143</span> <span class='ocrx_word' id='word_1_308' title='bbox 1025 3459 1031 3472; x_wconf 94' lang='grc'><strong>.</strong></span> <span class='ocrx_word' id='word_1_309' title='bbox 1043 3459 1049 3471; x_wconf 90' lang='grc'><strong>.</strong></span> <span class='ocrx_word' id='word_1_310' title='bbox 1061 3413 1147 3492; x_wconf 83' lang='grc' dir='ltr'>Ζῷον</span> <span class='ocrx_word' id='word_1_311' title='bbox 1163 3410 1220 3487; x_wconf 84' lang='grc' dir='ltr'>μὲν</span> <span class='ocrx_word' id='word_1_312' title='bbox 1235 3409 1338 3472; x_wconf 74' lang='grc' dir='ltr'>οὕτω(</span> 
     </span>
     <span class='ocr_line' id='line_1_35' title="bbox 163 3497 1339 3578; baseline 0.001 -16"><span class='ocrx_word' id='word_1_313' title='bbox 163 3506 235 3562; x_wconf 87' lang='lat' dir='ltr'>tura</span> <span class='ocrx_word' id='word_1_314' title='bbox 258 3503 333 3561; x_wconf 89' lang='lat' dir='ltr'>nihil</span> <span class='ocrx_word' id='word_1_315' title='bbox 357 3521 391 3562; x_wconf 87' lang='lat' dir='ltr'>eo</span> <span class='ocrx_word' id='word_1_316' title='bbox 415 3502 456 3562; x_wconf 87' lang='lat' dir='ltr'>sit</span> <span class='ocrx_word' id='word_1_317' title='bbox 478 3504 726 3578; x_wconf 87' lang='lat' dir='ltr'>praestantius..</span> <span class='ocrx_word' id='word_1_318' title='bbox 780 3497 860 3562; x_wconf 88' lang='grc' dir='ltr'>ὄντα</span> <span class='ocrx_word' id='word_1_319' title='bbox 874 3498 985 3562; x_wconf 73' lang='lat' dir='ltr'>odrina</span> <span class='ocrx_word' id='word_1_320' title='bbox 999 3497 1146 3576; x_wconf 84' lang='grc' dir='ltr'>ἔμψυχον</span> <span class='ocrx_word' id='word_1_321' title='bbox 1161 3498 1339 3577; x_wconf 76' lang='grc' dir='ltr'>αἰεθητικήν</span> 
     </span>
     <span class='ocr_line' id='line_1_36' title="bbox 164 3584 1339 3672; baseline -0.001 -21"><span class='ocrx_word' id='word_1_322' title='bbox 164 3594 243 3652; x_wconf 90' lang='lat' dir='ltr'>hunc</span> <span class='ocrx_word' id='word_1_323' title='bbox 265 3591 364 3668; x_wconf 88' lang='lat' dir='ltr'>ipsum</span> <span class='ocrx_word' id='word_1_324' title='bbox 392 3592 536 3650; x_wconf 90' lang='lat' dir='ltr'>mundum</span> <span class='ocrx_word' id='word_1_325' title='bbox 564 3612 621 3669; x_wconf 89' lang='lat' dir='ltr'>quo</span> <span class='ocrx_word' id='word_1_326' title='bbox 650 3592 726 3652; x_wconf 90' lang='lat' dir='ltr'>nihil</span> <span class='ocrx_word' id='word_1_327' title='bbox 781 3584 852 3672; x_wconf 85' lang='grc' dir='ltr'>(τὸν</span> <span class='ocrx_word' id='word_1_328' title='bbox 876 3585 1022 3670; x_wconf 75' lang='grc' dir='ltr'>κόεμον)</span> <span class='ocrx_word' id='word_1_329' title='bbox 1040 3588 1078 3650; x_wconf 86' lang='grc' dir='ltr'>τὸ</span> <span class='ocrx_word' id='word_1_330' title='bbox 1098 3588 1159 3665; x_wconf 88' lang='grc' dir='ltr'>γὰρ</span> <span class='ocrx_word' id='word_1_331' title='bbox 1178 3591 1263 3671; x_wconf 84' lang='grc' dir='ltr'>ζῷον</span> <span class='ocrx_word' id='word_1_332' title='bbox 1282 3591 1339 3650; x_wconf 83' lang='grc' dir='ltr'>τοῦ</span> 
     </span>
     <span class='ocr_line' id='line_1_37' title="bbox 164 3676 1338 3759; baseline -0.003 -17"><span class='ocrx_word' id='word_1_333' title='bbox 164 3681 357 3742; x_wconf 86' lang='lat' dir='ltr'>excellentius</span> <span class='ocrx_word' id='word_1_334' title='bbox 379 3681 445 3740; x_wconf 90' lang='lat' dir='ltr'>fieri</span> <span class='ocrx_word' id='word_1_335' title='bbox 468 3683 568 3756; x_wconf 89' lang='lat' dir='ltr'>potest</span> <span class='ocrx_word' id='word_1_336' title='bbox 593 3681 724 3740; x_wconf 87' lang='lat' dir='ltr'>animan·</span> <span class='ocrx_word' id='word_1_337' title='bbox 780 3679 819 3755; x_wconf 89' lang='grc' dir='ltr'>μὴ</span> <span class='ocrx_word' id='word_1_338' title='bbox 834 3677 920 3759; x_wconf 65' lang='lat' dir='ltr'>idon</span> <span class='ocrx_word' id='word_1_339' title='bbox 936 3680 1097 3754; x_wconf 83' lang='grc' dir='ltr'>κρεῖττον·</span> <span class='ocrx_word' id='word_1_340' title='bbox 1118 3676 1214 3740; x_wconf 81' lang='grc' dir='ltr'>οὐδὲν</span> <span class='ocrx_word' id='word_1_341' title='bbox 1230 3677 1265 3740; x_wconf 81' lang='grc' dir='ltr'>δὲ</span> <span class='ocrx_word' id='word_1_342' title='bbox 1280 3679 1338 3739; x_wconf 85' lang='grc' dir='ltr'>τοῦ</span> 
     </span>
     <span class='ocr_line' id='line_1_38' title="bbox 137 3762 1339 3856; baseline -0.002 -26"><span class='ocrx_word' id='word_1_343' title='bbox 137 3774 226 3856; x_wconf 28' lang='lat' dir='ltr'>&#39;tem</span> <span class='ocrx_word' id='word_1_344' title='bbox 253 3788 318 3829; x_wconf 87' lang='lat' dir='ltr'>osse</span> <span class='ocrx_word' id='word_1_345' title='bbox 346 3772 378 3829; x_wconf 87' lang='lat' dir='ltr'>et</span> <span class='ocrx_word' id='word_1_346' title='bbox 404 3771 493 3828; x_wconf 87' lang='lat' dir='ltr'>deum</span> <span class='ocrx_word' id='word_1_347' title='bbox 521 3762 647 3850; x_wconf 82' lang='lat' dir='ltr'>(iudico)</span> <span class='ocrx_word' id='word_1_348' title='bbox 664 3815 672 3829; x_wconf 89' lang='lat'><strong>.</strong></span> <span class='ocrx_word' id='word_1_349' title='bbox 691 3817 724 3830; x_wconf 94' lang='lat'>..</span> <span class='ocrx_word' id='word_1_350' title='bbox 778 3765 895 3844; x_wconf 79' lang='grc' dir='ltr'>κόεμου</span> <span class='ocrx_word' id='word_1_351' title='bbox 926 3769 1085 3844; x_wconf 85' lang='grc' dir='ltr'>κρεῖττον·</span> <span class='ocrx_word' id='word_1_352' title='bbox 1117 3769 1201 3848; x_wconf 84' lang='grc' dir='ltr'>ζῷον</span> <span class='ocrx_word' id='word_1_353' title='bbox 1230 3763 1292 3843; x_wconf 85' lang='grc' dir='ltr'>ἄρα</span> <span class='ocrx_word' id='word_1_354' title='bbox 1321 3763 1339 3828; x_wconf 88' lang='grc' dir='ltr'>ὁ</span> 
     </span>
     <span class='ocr_line' id='line_1_39' title="bbox 164 3854 902 3933; baseline 0.001 -15"><span class='ocrx_word' id='word_1_355' title='bbox 164 3858 276 3919; x_wconf 89' lang='lat' dir='ltr'>mundo</span> <span class='ocrx_word' id='word_1_356' title='bbox 296 3863 396 3918; x_wconf 92' lang='lat' dir='ltr'>autem</span> <span class='ocrx_word' id='word_1_357' title='bbox 417 3863 498 3918; x_wconf 85' lang='lat' dir='ltr'>certe</span> <span class='ocrx_word' id='word_1_358' title='bbox 512 3859 586 3917; x_wconf 90' lang='lat' dir='ltr'>nihil</span> <span class='ocrx_word' id='word_1_359' title='bbox 601 3864 648 3919; x_wconf 89' lang='lat' dir='ltr'>est</span> <span class='ocrx_word' id='word_1_360' title='bbox 665 3880 725 3919; x_wconf 89' lang='lat' dir='ltr'>mc·</span> <span class='ocrx_word' id='word_1_361' title='bbox 779 3854 902 3933; x_wconf 76' lang='lat' dir='ltr'>xdcpoc.</span> 
     </span>
    </p>

    <p class='ocr_par' dir='ltr' id='par_1_7' title="bbox 164 3941 1339 4470">
     <span class='ocr_line' id='line_1_40' title="bbox 164 3941 1339 4026; baseline -0.001 -19"><span class='ocrx_word' id='word_1_362' title='bbox 164 3948 237 4007; x_wconf 89' lang='lat' dir='ltr'>lius:</span> <span class='ocrx_word' id='word_1_363' title='bbox 257 3967 311 4007; x_wconf 90' lang='lat' dir='ltr'>nec</span> <span class='ocrx_word' id='word_1_364' title='bbox 329 3948 454 4006; x_wconf 90' lang='lat' dir='ltr'>dubium</span> <span class='ocrx_word' id='word_1_365' title='bbox 473 3947 545 4026; x_wconf 92' lang='lat' dir='ltr'>quin</span> <span class='ocrx_word' id='word_1_366' title='bbox 564 3949 642 4025; x_wconf 92' lang='lat' dir='ltr'>quod</span> <span class='ocrx_word' id='word_1_367' title='bbox 661 3949 722 4007; x_wconf 92' lang='lat' dir='ltr'>ani·</span> <span class='ocrx_word' id='word_1_368' title='bbox 779 3967 872 4025; x_wconf 88' lang='lat' dir='ltr'>snpra</span> <span class='ocrx_word' id='word_1_369' title='bbox 897 3951 958 4008; x_wconf 91' lang='grc'>142</span> <span class='ocrx_word' id='word_1_370' title='bbox 988 3943 1036 4008; x_wconf 88' lang='grc' dir='ltr'>ὅτι</span> <span class='ocrx_word' id='word_1_371' title='bbox 1065 3945 1100 4007; x_wconf 83' lang='grc' dir='ltr'>δὲ</span> <span class='ocrx_word' id='word_1_372' title='bbox 1129 3943 1179 4006; x_wconf 86' lang='grc' dir='ltr'>καὶ</span> <span class='ocrx_word' id='word_1_373' title='bbox 1207 3947 1293 4026; x_wconf 83' lang='grc' dir='ltr'>ζῷον</span> <span class='ocrx_word' id='word_1_374' title='bbox 1320 3941 1339 4006; x_wconf 83' lang='grc' dir='ltr'>ὁ</span> 
     </span>
     <span class='ocr_line' id='line_1_41' title="bbox 164 4031 1339 4114; baseline -0.001 -17"><span class='ocrx_word' id='word_1_375' title='bbox 164 4056 251 4098; x_wconf 89' lang='lat' dir='ltr'>mans</span> <span class='ocrx_word' id='word_1_376' title='bbox 280 4038 320 4096; x_wconf 86' lang='lat' dir='ltr'>sit</span> <span class='ocrx_word' id='word_1_377' title='bbox 348 4038 516 4114; x_wconf 87' lang='lat' dir='ltr'>habeatque</span> <span class='ocrx_word' id='word_1_378' title='bbox 546 4057 666 4097; x_wconf 87' lang='lat' dir='ltr'>sensum</span> <span class='ocrx_word' id='word_1_379' title='bbox 695 4040 725 4096; x_wconf 86' lang='lat' dir='ltr'>et</span> <span class='ocrx_word' id='word_1_380' title='bbox 779 4031 894 4111; x_wconf 76' lang='lat' dir='ltr'>rdcpoc</span> <span class='ocrx_word' id='word_1_381' title='bbox 913 4034 964 4096; x_wconf 88' lang='grc' dir='ltr'>καὶ</span> <span class='ocrx_word' id='word_1_382' title='bbox 980 4034 1109 4110; x_wconf 80' lang='grc' dir='ltr'>λογικὸν</span> <span class='ocrx_word' id='word_1_383' title='bbox 1124 4032 1175 4096; x_wconf 83' lang='grc' dir='ltr'>καὶ</span> <span class='ocrx_word' id='word_1_384' title='bbox 1192 4031 1339 4111; x_wconf 78' lang='grc' dir='ltr'>ἔμψυχον</span> 
     </span>
     <span class='ocr_line' id='line_1_42' title="bbox 165 4121 1339 4201; baseline 0 -15"><span class='ocrx_word' id='word_1_385' title='bbox 165 4125 313 4186; x_wconf 90' lang='lat' dir='ltr'>rationem</span> <span class='ocrx_word' id='word_1_386' title='bbox 328 4129 358 4185; x_wconf 92' lang='lat' dir='ltr'>et</span> <span class='ocrx_word' id='word_1_387' title='bbox 370 4129 509 4200; x_wconf 91' lang='lat' dir='ltr'>mentem,</span> <span class='ocrx_word' id='word_1_388' title='bbox 523 4127 554 4184; x_wconf 91' lang='lat' dir='ltr'>id</span> <span class='ocrx_word' id='word_1_389' title='bbox 569 4128 609 4186; x_wconf 89' lang='lat' dir='ltr'>sit</span> <span class='ocrx_word' id='word_1_390' title='bbox 619 4126 724 4185; x_wconf 90' lang='lat' dir='ltr'>melius</span> <span class='ocrx_word' id='word_1_391' title='bbox 779 4123 830 4185; x_wconf 88' lang='grc' dir='ltr'>καὶ</span> <span class='ocrx_word' id='word_1_392' title='bbox 840 4121 965 4201; x_wconf 84' lang='grc' dir='ltr'>νοερόν,</span> <span class='ocrx_word' id='word_1_393' title='bbox 980 4123 1031 4186; x_wconf 83' lang='grc' dir='ltr'>καὶ</span> <span class='ocrx_word' id='word_1_394' title='bbox 1047 4121 1228 4200; x_wconf 73' lang='lat' dir='ltr'>&gt;intrarunt</span> <span class='ocrx_word' id='word_1_395' title='bbox 1244 4141 1339 4200; x_wconf 65' lang='grc' dir='ltr'>φηςιν</span> 
     </span>
     <span class='ocr_line' id='line_1_43' title="bbox 166 4206 1339 4296; baseline -0.003 -21"><span class='ocrx_word' id='word_1_396' title='bbox 166 4235 255 4293; x_wconf 89' lang='lat' dir='ltr'>quam</span> <span class='ocrx_word' id='word_1_397' title='bbox 269 4215 300 4274; x_wconf 89' lang='lat' dir='ltr'>id</span> <span class='ocrx_word' id='word_1_398' title='bbox 314 4215 393 4292; x_wconf 89' lang='lat' dir='ltr'>quod</span> <span class='ocrx_word' id='word_1_399' title='bbox 407 4216 454 4275; x_wconf 88' lang='lat' dir='ltr'>hie</span> <span class='ocrx_word' id='word_1_400' title='bbox 469 4219 577 4274; x_wconf 89' lang='lat' dir='ltr'>careat.</span> <span class='ocrx_word' id='word_1_401' title='bbox 606 4217 649 4274; x_wconf 87' lang='lat' dir='ltr'>ita</span> <span class='ocrx_word' id='word_1_402' title='bbox 663 4215 725 4275; x_wconf 88' lang='lat' dir='ltr'>effi·</span> <span class='ocrx_word' id='word_1_403' title='bbox 779 4212 815 4274; x_wconf 87' lang='grc' dir='ltr'>ἐν</span> <span class='ocrx_word' id='word_1_404' title='bbox 835 4212 855 4274; x_wconf 79' lang='grc' dir='ltr'>ἃ</span> <span class='ocrx_word' id='word_1_405' title='bbox 874 4212 946 4289; x_wconf 88' lang='grc' dir='ltr'>περὶ</span> <span class='ocrx_word' id='word_1_406' title='bbox 965 4211 1120 4289; x_wconf 78' lang='grc' dir='ltr'>προνοίαε</span> <span class='ocrx_word' id='word_1_407' title='bbox 1144 4208 1213 4294; x_wconf 85' lang='lat' dir='ltr'>(frg.</span> <span class='ocrx_word' id='word_1_408' title='bbox 1235 4206 1269 4296; x_wconf 88' lang='grc'>9)</span> <span class='ocrx_word' id='word_1_409' title='bbox 1289 4212 1339 4273; x_wconf 89' lang='grc' dir='ltr'>καὶ</span> 
     </span>
     <span class='ocr_line' id='line_1_44' title="bbox 166 4297 1339 4379; baseline 0 -15"><span class='ocrx_word' id='word_1_410' title='bbox 166 4305 245 4365; x_wconf 88' lang='lat' dir='ltr'>citur</span> <span class='ocrx_word' id='word_1_411' title='bbox 274 4306 454 4365; x_wconf 85' lang='lat' dir='ltr'>animantem</span> <span class='ocrx_word' id='word_1_412' title='bbox 483 4323 588 4364; x_wconf 87' lang='lat' dir='ltr'>sensus</span> <span class='ocrx_word' id='word_1_413' title='bbox 616 4305 725 4364; x_wconf 86' lang='lat' dir='ltr'>mentis</span> <span class='ocrx_word' id='word_1_414' title='bbox 779 4297 1025 4378; x_wconf 68' lang='grc' dir='ltr'>Ἀπολλόδωρός</span> <span class='ocrx_word' id='word_1_415' title='bbox 1045 4319 1139 4379; x_wconf 67' lang='grc' dir='ltr'>φηςιν</span> <span class='ocrx_word' id='word_1_416' title='bbox 1154 4350 1160 4364; x_wconf 90' lang='grc'><strong>.</strong></span> <span class='ocrx_word' id='word_1_417' title='bbox 1176 4351 1182 4362; x_wconf 95' lang='grc'><strong>.</strong></span> <span class='ocrx_word' id='word_1_418' title='bbox 1199 4300 1248 4363; x_wconf 84' lang='grc' dir='ltr'>καὶ</span> <span class='ocrx_word' id='word_1_419' title='bbox 1271 4301 1339 4364; x_wconf 90' lang='grc' dir='ltr'>Πο·</span> 
     </span>
     <span class='ocr_line' id='line_1_45' title="bbox 164 4389 950 4470; baseline 0.001 -17"><span class='ocrx_word' id='word_1_420' title='bbox 164 4394 290 4454; x_wconf 91' lang='lat' dir='ltr'>rationis</span> <span class='ocrx_word' id='word_1_421' title='bbox 309 4395 452 4453; x_wconf 90' lang='lat' dir='ltr'>mundum</span> <span class='ocrx_word' id='word_1_422' title='bbox 470 4413 536 4454; x_wconf 91' lang='lat' dir='ltr'>esse</span> <span class='ocrx_word' id='word_1_423' title='bbox 549 4397 724 4470; x_wconf 90' lang='lat' dir='ltr'>compotem.</span> <span class='ocrx_word' id='word_1_424' title='bbox 780 4389 950 4454; x_wconf 78' lang='lat' dir='ltr'>cerhdrvroc.</span> 
     </span>
    </p>
   </div>
   <div class='ocr_carea' id='block_1_4' title="bbox 165 4482 1341 4659">
    <p class='ocr_par' dir='ltr' id='par_1_8' title="bbox 165 4482 1341 4659">
     <span class='ocr_line' id='line_1_46' title="bbox 165 4482 1341 4571; baseline -0.003 -20"><span class='ocrx_word' id='word_1_425' title='bbox 165 4491 220 4552; x_wconf 90' lang='lat' dir='ltr'>illa</span> <span class='ocrx_word' id='word_1_426' title='bbox 239 4511 316 4569; x_wconf 90' lang='lat' dir='ltr'>quae</span> <span class='ocrx_word' id='word_1_427' title='bbox 331 4490 433 4552; x_wconf 87' lang='lat' dir='ltr'>Cicero</span> <span class='ocrx_word' id='word_1_428' title='bbox 451 4491 547 4552; x_wconf 91' lang='lat' dir='ltr'>tradit</span> <span class='ocrx_word' id='word_1_429' title='bbox 565 4491 713 4551; x_wconf 89' lang='lat' dir='ltr'>aZenone</span> <span class='ocrx_word' id='word_1_430' title='bbox 731 4491 894 4567; x_wconf 89' lang='lat' dir='ltr'>repetenda</span> <span class='ocrx_word' id='word_1_431' title='bbox 908 4509 973 4551; x_wconf 91' lang='lat' dir='ltr'>esse</span> <span class='ocrx_word' id='word_1_432' title='bbox 988 4494 1019 4551; x_wconf 95' lang='lat' dir='ltr'>et</span> <span class='ocrx_word' id='word_1_433' title='bbox 1039 4491 1103 4567; x_wconf 91' lang='lat' dir='ltr'>ipse</span> <span class='ocrx_word' id='word_1_434' title='bbox 1118 4494 1207 4549; x_wconf 87' lang='lat' dir='ltr'>antea</span> <span class='ocrx_word' id='word_1_435' title='bbox 1222 4482 1267 4571; x_wconf 85' lang='lat'>(8,</span> <span class='ocrx_word' id='word_1_436' title='bbox 1284 4483 1341 4571; x_wconf 90' lang='grc'>21)</span> 
     </span>
     <span class='ocr_line' id='line_1_47' title="bbox 166 4580 1340 4659; baseline 0.001 -19"><span class='ocrx_word' id='word_1_437' title='bbox 166 4581 311 4642; x_wconf 88' lang='lat' dir='ltr'>indicavit</span> <span class='ocrx_word' id='word_1_438' title='bbox 339 4585 518 4657; x_wconf 88' lang='lat' dir='ltr'>strenueque</span> <span class='ocrx_word' id='word_1_439' title='bbox 546 4580 717 4639; x_wconf 89' lang='lat' dir='ltr'>Wellmann</span> <span class='ocrx_word' id='word_1_440' title='bbox 745 4581 962 4640; x_wconf 87' lang='lat' dir='ltr'>demonstravit</span> <span class='ocrx_word' id='word_1_441' title='bbox 992 4601 1028 4640; x_wconf 82' lang='lat' dir='ltr'>ex</span> <span class='ocrx_word' id='word_1_442' title='bbox 1051 4580 1169 4640; x_wconf 85' lang='lat' dir='ltr'>Alexini</span> <span class='ocrx_word' id='word_1_443' title='bbox 1198 4580 1340 4659; x_wconf 83' lang='lat' dir='ltr'>Megarici</span> 
     </span>
    </p>
   </div>
   <div class='ocr_carea' id='block_1_5' title="bbox 0 0 1622 5192">
    <p class='ocr_par' dir='ltr' id='par_1_9' title="bbox 0 0 1622 5192">
     <span class='ocr_line' id='line_1_48' title="bbox 0 0 1622 5192; baseline 0 0"><span class='ocrx_word' id='word_1_444' title='bbox 0 0 1622 5192; x_wconf 95' lang='lat' dir='ltr'> </span> 
     </span>
    </p>
   </div>
  </div>
 </body>
</html>
