3232 5192
274 387 317 448 20
721 384 852 440 Alfredus
871 383 992 440 Gercke:

275 553 388 600 ΤΙ-83
408 549 437 600 et
455 544 546 612 Diels,
564 545 745 615 Doxographi
769 545 815 600 Gr.
834 563 860 613 p.
881 548 994 599 etc—8
1077 550 1093 598 4
1111 545 1162 598 τόν
1180 545 1207 597 τ’
1225 543 1321 610 αἰθέρα
1340 542 1448 597 Vsener

275 623 308 670 14
324 619 508 685 Ἡράκλειτος·
530 617 562 673 οἰ.
579 617 711 672 Schuster
725 635 751 686 p.
769 623 827 683 198,
845 623 858 670 1
934 621 966 669 15
984 616 1090 670 πάντας
1107 632 1203 685 apogr.
1219 613 1268 669 Ox.
1284 613 1348 669 fort.
1363 616 1445 682 recte,

273 691 345 756 π<ερί
368 693 431 756 ποθ)
450 690 535 757 volgo
589 695 624 742 24
642 687 804 743 universum
823 689 943 742 Vsener:
962 685 1131 755 universam,
1151 685 1309 740 universam
1329 716 1363 725 -
1383 703 1447 740 con·

274 759 410 814 tinentem
430 761 484 816 del.
503 760 580 815 Diels
652 764 686 815 25
705 759 822 815 fatalem
840 760 979 814 umbram:
1001 759 1065 815 fort.
1085 759 1125 813 sio
1143 757 1229 813 vertit
1244 756 1340 813 Cicero
1355 757 1446 825 εἱμαρ-

274 833 358 900 μένης
380 839 477 900 μοῖραν
497 833 542 886 vel
557 831 616 886 tale
636 829 711 902 quid.

363 965 450 1024 Philo
465 965 501 1023 de
515 984 598 1040 prov.
611 964 643 1022 II
660 967 700 1024 74
720 984 747 1040 p.
765 967 806 1024 94
824 963 978 1024 Aucher*:
998 958 1104 1044 (Astra
1123 957 1266 1046 erratica)
1285 968 1357 1025 note
1376 968 1446 1024 sunt
1457 953 1499 1018 11
1607 971 1608 1046 ᾗ

273 1072 332 1113 non
351 1055 448 1114 solum
466 1055 583 1113 ratione
600 1074 705 1113 verum
724 1055 918 1114 etiem'sensn
937 1055 981 1112 ite
994 1058 1133 1114 movente
1146 1055 1343 1130 providentie,
1362 1073 1445 1131 quse,

274 1146 309 1200 ut
332 1143 404 1203 dicit
432 1141 618 1221 Chrysippus
642 1147 672 1202 et
696 1142 870 1219 Cleanthes,
900 1144 976 1201 nihil
1003 1143 1205 1219 praetermisit
1233 1145 1445 1219 pertinentium

274 1232 311 1290 ad
326 1233 482 1292 certiorem
496 1233 707 1310 utilioremque
722 1231 983 1308 dispensationem.
1010 1234 1088 1308 quod
1104 1233 1129 1292 si
1144 1233 1233 1291 aliter
1247 1234 1352 1292 melius
1368 1236 1446 1292 esset

247 1321 441 1397 edispensuri
459 1340 507 1380 res
526 1323 638 1395 mundi,
658 1341 692 1380 eo
711 1322 798 1382 modo
814 1321 992 1398 sumpsisset
1010 1323 1262 1398 compositionem,
1281 1341 1341 1398 que
1359 1325 1445 1380 tenus

273 1410 350 1468 nihil
368 1415 537 1470 occurreret
556 1412 593 1470 ed
611 1411 832 1487 impediendum
853 1411 950 1470 deum.

363 1546 416 1612 Δι>
439 1548 518 1634 όλου
542 1550 600 1627 μὲν
628 1549 689 1628 γὰρ
718 1549 765 1614 ὢν
795 1548 814 1613 ὁ
843 1548 956 1627 κόςμος
984 1550 1135 1628 πυρώδης
1163 1549 1257 1614 εὐθὺς
1280 1550 1331 1613 καὶ
1359 1551 1444 1628 ψυχή
1460 1545 1502 1608 12
1606 1619 1608 1640 ι

274 1637 357 1701 ἐςτιν
376 1637 493 1702 ἑαυτοῦ
512 1639 562 1702 καὶ
581 1638 785 1717 ἡγεμονικόν·
805 1637 858 1702 ὅτε
879 1640 914 1701 δέ
935 1640 1123 1719 μεταβαλὼν
1144 1638 1188 1703 εἰς
1207 1638 1269 1720 [τε]
1289 1639 1326 1702 τὸ
1346 1638 1446 1717 ὑγρὸν

274 1727 324 1790 καὶ
339 1729 396 1806 τὴν
415 1728 703 1806 έναπολειφθεῑςαν
724 1730 831 1806 ψυχὴν
849 1726 972 1805 τρόπον
992 1728 1062 1791 τινὰ
1082 1727 1126 1791 εἰς
1142 1731 1230 1805 ςῶμα
1246 1726 1310 1811 [καὶ
1324 1727 1445 1809 ψυχὴν]

274 1817 460 1894 μετέβαλεν,
481 1816 560 1880 ὥςτε
580 1816 763 1880 ςυνεςτάναι
783 1818 818 1881 ἐκ
836 1816 969 1894 τούτων,
994 1815 1094 1880 ἄλλον
1113 1817 1184 1880 τινὰ
1202 1816 1273 1894 ἔςχε
1293 1816 1401 1893 λόγον.

345 1919 417 1973 Plut.
443 1920 477 1973 de
501 1919 587 1974 Stoic.
611 1936 669 1988 rep.
694 1926 726 1973 41
753 1923 789 1988 (p.
813 1920 938 1986 10531312
967 1922 1039 1984 λέγει
1068 1921 1098 1974 δέ
1127 1919 1320 1989 (Chrysippus)
1345 1921 1446 1988 ἐντῷ

273 1991 396 2059 πρώτῳ
415 1994 491 2059 περί
509 1991 685 2058 προνοίας·
707 1990 758 2044 ‘tr'
777 1993 843 2045 ὅλου
864 2022 896 2031 -
915 1992 1022 2056 λόγον’.
1094 1993 1191 2045 2ότε·
1211 1990 1274 2044 fort.
1295 1992 1342 2045 δτέ
1409 1992 1447 2045 εἰς

274 2063 430 2130 Wyttenb.·
451 2063 488 2116 εἰς
505 2080 536 2116 τε
603 2068 621 2116 4
640 2064 787 2129 μετέβαλεν
806 2061 963 2130 Wyttenb.¹
988 2066 1031 2116 καί
1051 2065 1144 2130 ψυχὴν
1168 2064 1346 2130 μεταβάλλων
1413 2064 1444 2115 έκ

273 2136 397 2187 τούτων·
417 2151 451 2188 cx
469 2133 576 2202 liquido
596 2137 624 2188 et
642 2134 734 2203 igneo,
754 2149 867 2202 corpore
887 2137 916 2187 et
934 2133 1047 2187 anime?

363 2260 515 2326 Ἐοικέναι
538 2267 584 2345 τῷ
610 2263 667 2340 μὲν
690 2260 851 2345 ἀνθρώπῳ
876 2262 934 2325 τὸν
958 2261 1023 2324 Δία
1047 2262 1177 2326 καὶτὸν
1201 2260 1325 2341 κόςμον,
1349 2267 1387 2346 τῇ
1411 2262 1446 2325 δὲ
1459 2258 1502 2320 13

275 2357 361 2435 ψυχῇ
375 2353 434 2429 τὴν
448 2351 626 2429 Πρόνοιαν·
647 2350 727 2415 ὅταν
742 2350 801 2415 οὖν
816 2351 990 2428 ἐκπυρωςις
1008 2352 1146 2428 γένηται,
1164 2351 1265 2428 μόνον
1280 2349 1447 2430 ἄφθαρτον

275 2439 355 2503 ὄντα
374 2441 431 2504 τὸν
450 2440 515 2503 Δία
533 2443 599 2504 τῶν
618 2444 702 2504 θεῶν
721 2439 973 2518 ἀναχωρεῖνιέπὶ
992 2441 1051 2519 τὴν
1069 2439 1249 2518 Πρόνοιαν·
1274 2439 1341 2504 εἶτα
1365 2440 1445 2518 ὁμοῦ

275 2531 470 2608 γενομένους
488 2530 541 2593 ἐπὶ
560 2532 629 2608 μιάς
647 2535 703 2607 τῆς
722 2533 780 2593 τοῦ
799 2529 926 2606 αἰθέρος
940 2527 1047 2592 οὐςίας
1061 2533 1220 2593 διατελεῖν
1235 2528 1445 2608 ἀμφοτέρους.

345 2633 383 2686 id.
402 2632 437 2686 de
457 2648 555 2686 comm.
574 2633 633 2686 not.
653 2649 676 2686 c.
697 2637 730 2685 36
749 2650 776 2701 p.
794 2629 896 2685 1077D
915 2632 987 2696 λέγει
1005 2636 1075 2696 γοῦν
1094 2633 1247 2698 Χρύςιππος
1267 2631 1397 2686 (ἐοικέναι
1412 2663 1447 2672 -—

275 2703 473 2771 ἀμφοτέρους’.
546 2704 580 2757 ad
595 2719 655 2757 rem
670 2702 703 2757 cf.
719 2703 857 2772 Diogenes
872 2703 901 2756 in
915 2702 988 2756 libro
1003 2704 1037 2756 de
1052 2703 1178 2756 Minerva
1193 2702 1314 2772 (Philod.
1329 2705 1363 2757 de
1378 2703 1446 2773 pict.

276 2776 329 2829 ccl.
349 2777 385 2845 5).
455 2781 468 2828 1
489 2782 530 2845 τῳ
550 2776 598 2842 μέν
618 2777 721 2842 ςώματι
738 2776 805 2842 post
824 2777 868 2827 καὶ
888 2772 968 2827 addit
987 2774 1018 2829 Ο.
1037 2773 1126 2828 Ηοίυο

364 2903 488 2966 Τούτου
517 2904 552 2966 δέ
581 2903 684 2967 οὕτως
711 2902 845 2982 ἔχοντος
873 2905 986 2981 δῆλον,
1012 2901 1056 2965 ὡς
1084 2902 1180 2968 οὐδὲν
1212 2902 1373 2968 ἀδύνατον
1396 2903 1447 2966 καὶ
1460 2902 1506 2964 14

274 2992 355 3070 ἡμᾶς
374 2993 453 3070 μετὰ
466 2993 504 3055 τὸ
522 2994 706 3071 τελευτῆςαι
725 2991 822 3055 πάλιν
840 2991 1002 3070 περιόδων
1020 2995 1117 3056 τινῶν
1132 2992 1308 3071 εἰλημένων
1327 2992 1447 3071 χρόνου

276 3081 320 3144 εἰς
344 3081 362 3144 ὃ
387 3085 444 3144 νῦν
468 3082 560 3159 ἐςμεν
583 3083 823 3160 καταςτήςεςθαι
847 3085 956 3159 ςχῆμα.

346 3185 423 3238 Lech.
443 3183 499 3238 div.
518 3184 583 3237 inst.
603 3185 654 3237 VII
674 3191 717 3252 23,
736 3190 767 3237 3:
787 3183 887 3236 melius
907 3183 1090 3253 Chrysippus,
1110 3201 1192 3252 quem
1217 3184 1313 3239 Cicero
1333 3184 1374 3239 ait
1391 3185 1446 3238 ful-

276 3255 332 3309 cire
347 3256 486 3324 porticum
502 3255 667 3322 Stoicorum,
687 3255 735 3323 qui
753 3255 787 3307 in
805 3253 918 3320 libris,
938 3272 1008 3322 quos
1028 3255 1067 3309 de
1087 3255 1306 3324 providentio
1326 3256 1447 3326 scripsit,

276 3344 339 3381 cum
358 3327 391 3380 dc
415 3327 594 3381 innovatione
617 3326 714 3380 mundi
737 3326 910 3394 loqueretur,
935 3326 1004 3380 haec
1027 3325 1123 3380 intulit
1148 3329 1262 3380 ‘ustrou
1283 3359 1314 3366 -
1336 3327 1446 3394 ςχῆμα’.

276 3405 291 3452 2
312 3399 463 3464 εἰλημένων
481 3414 510 3453 ιιι·
532 3397 702 3466 εἰλημμένων
776 3404 791 3450 3
811 3399 827 3450 ὃ
848 3397 948 3450 Zeller·
968 3399 1001 3450 δν

346 3469 382 3523 M.
407 3469 544 3523 Antonini
567 3486 636 3524 com.
660 3469 711 3522 Vll
738 3475 783 3522 19:
806 3470 907 3523 πόςους
929 3471 983 3534 ἤδη
1008 3470 1023 3522 ὁ
1048 3469 1117 3522 αἰὼν
1141 3469 1324 3536 Χρυςίππαυς,
1346 3474 1449 3525 πότους

276 3542 441 3609 (ωκράτεις,
464 3543 566 3595 πόςους
590 3542 767 3607 Ἐπικτήτους
790 3541 982 3604 καταπέπωκε;
1007 3540 1040 3594 τὸ
1065 3542 1094 3593 δ’
1116 3542 1186 3594 αὐτὸ
1210 3545 1254 3595 καὶ
1277 3543 1321 3596 ἐπί
1343 3542 1449 3596 παντὸς

276 3614 436 3667 οὑτινοςοθν
456 3630 496 3667 ςοι
515 3613 665 3680 ἀνθρώπου
685 3629 712 3666 ςε
731 3615 775 3666 καί
792 3612 955 3678 πράγματος
972 3613 1173 3678 προςπιπτέτω.
1205 3612 1351 3682 Epictetus
1370 3614 1447 3668 vide-

276 3687 322 3738 tur
341 3685 414 3739 hunc
434 3684 589 3739 doctrinam
610 3701 643 3737 ex
663 3683 819 3752 Chrysippo
838 3683 968 3738 haustam
987 3681 1145 3737 tradidisse.

363 3817 482 3877 Nemee
507 3835 537 3876 π.
562 3833 634 3892 φυς.
653 3811 740 3890 ἀνθρ.
765 3835 789 3874 c.
809 3817 849 3874 38
874 3835 902 3891 p.
925 3817 986 3874 147
998 3834 1053 3890 sq.:
1081 3811 1112 3875 οἱ
1135 3813 1171 3875 δέ
1195 3812 1326 3878 (τωικοί
1350 3833 1446 3892 φαςιν
1462 3813 1506 3875 15

276 3899 586 3979 ἀποκαθιςταμένους
615 3903 691 3966 τοὺς
719 3900 883 3977 πλάνητας
912 3899 955 3964 εἰς
982 3901 1020 3964 τὸ
1049 3900 1128 3964 αὐτὸ
1152 3906 1280 3980 ςημεῑον
1306 3903 1385 3966 κατόι
1411 3924 1447 3966 τε

277 3995 372 4069 μῆκος
403 3992 453 4054 καὶ
480 3989 615 4071 πλάτος,
645 3990 722 4056 ἔνθα
750 3991 808 4069 τὴν
836 3988 937 4068 ἀρχὴν
966 3990 1095 4054 έκαςτος
1123 3989 1174 4070 ἢν,
1207 3989 1262 4054 ὅτε
1294 3993 1332 4056 τὸ
1360 3995 1447 4070 πρῶ-

276 4100 333 4142 τον
362 4078 380 4142 ὁ
409 4078 522 4157 κόςμος
551 4083 693 4161 ςυνέςτη,
722 4080 758 4143 ἐν
788 4078 897 4156 ῥηταῖς
926 4076 1052 4156 χρόνων
1081 4078 1243 4157 περιόδοις
1270 4081 1448 4159 έκπύρωςιν

250 4169 328 4241 ὁκαὶ
352 4169 479 4246 φθορὰν
501 4173 567 4232 τῶν
591 4168 697 4233 ὄντων
720 4166 948 4246 ἀπεργάζεςθαι
976 4169 1027 4231 καὶ
1056 4167 1151 4234 πάλιν
1177 4170 1210 4234 ἐξ
1234 4168 1378 4249 ὑπαρχῆς
1402 4169 1448 4232 εἰς

276 4257 314 4320 τὸ
342 4257 421 4320 αὐτὸ
454 4259 511 4322 τὸν
539 4257 655 4337 κόςμον
683 4256 947 4322 ἀποκαθίςταςθαι
975 4258 1026 4321 καὶ
1056 4261 1123 4321 τῶν
1155 4255 1296 4336 ἀςτέρων
1329 4257 1448 4337 δμοίως

277 4345 374 4409 πόλιν
407 4348 597 4425 φερομένων
630 4349 761 4412 ἕκαςτον
789 4347 824 4411 ἐν
853 4352 890 4430 τῇ
924 4347 1064 4428 προτέρᾳ
1097 4346 1237 4430 περιόδῳ
1270 4347 1447 4425 γενόμενον

277 4433 531 4513 ἀπαραλλάκτως
559 4435 789 4501 ἀποτελεῑςθαι.
832 4435 952 4500 ἔςεςθαι
980 4436 1041 4514 γὰρ
1070 4434 1166 4516 πᾲλιν
1194 4436 1363 4514 (ωκράτην
1397 4437 1449 4499 καὶ

348 4573 442 4630 *Ηοα
460 4575 648 4644 fragmentum
668 4577 755 4632 debeo
775 4577 959 4632 Wellmannc.
