3232 5192
670 335 850 405 Chrysippea.
1330 337 1347 398 7

179 507 363 566 omittemus:
382 507 514 581 itemque
533 504 570 566 de
588 505 705 566 duobus
723 505 915 565 Plutarchi
934 503 1019 563 libris
1039 503 1112 563 satis
1131 504 1271 582 utilibus,
1297 507 1350 583 qui

177 596 214 654 de
232 594 438 674 repugnantiis
457 595 624 655 Stoicorum
648 597 678 653 et
702 595 737 654 de
757 593 962 654 communibus
987 612 1088 652 eorum
1108 593 1225 653 notitiis
1244 595 1348 673 scripti

176 686 327 759 permulta
346 684 532 761 Chrysippea
550 687 599 746 vel
616 683 736 744 nomine
755 684 892 760 apposito
909 683 957 742 vel
971 674 1121 762 (quamvis
1134 674 1217 764 raro)
1238 685 1347 745 omisso

178 773 331 850 exhibent,
349 793 409 834 non
427 775 522 833 habeo
541 774 613 849 quid
632 773 748 850 addam.

266 863 334 923 Non
357 864 441 922 nulla
464 862 665 922 NEMESIVS
693 861 745 938 qui
772 861 810 920 ad
841 860 931 920 finem
959 860 1056 936 quinti
1085 862 1195 920 saeculi
1222 864 1348 938 putatur

176 952 268 1011 fuisse
288 972 303 1010 e
322 955 424 1012 nostro
439 951 515 1011 libro
530 953 677 1027 serravit,
696 951 816 1011 ridetur
831 968 866 1008 ca
885 949 992 1023 01111110,
1010 950 1045 1006 ut
1060 951 1225 1024 supradixi
1244 944 1285 1030 (p.
1302 944 1347 1034 4),

176 1041 408 1116 Philopatori
428 1040 526 1100 Stoico
546 1043 663 1100 debere.
691 1041 769 1099 hunc
787 1040 846 1112 bis,
868 1037 1070 1114 Chrysippum
1090 1040 1182 1098 semel
1200 1041 1347 1101 nominat:

175 1134 277 1189 tamen
295 1150 354 1189 11011
373 1129 508 1189 dubitavi
525 1131 614 1204 plura
632 1149 648 1188 e
667 1129 831 1204 posteriore
849 1127 920 1186 libri
939 1123 1011 1202 περὶ
1030 1123 1157 1202 φύεεω(
1173 1122 1346 1204 ἀνθρώπου

176 1223 262 1294 parte
285 1223 388 1278 nostro
412 1219 576 1296 vindicare3
600 1222 690 1294 atque
713 1217 840 1277 feliciter
863 1217 983 1292 accidit,
1008 1217 1087 1292 quod
1110 1235 1170 1276 non
1192 1220 1267 1277 nulli
1290 1219 1348 1279 loci

176 1307 355 1368 testimoniis
375 1309 480 1368 alienis
498 1307 657 1366 firmantur
677 1301 727 1388 (cf.
741 1308 798 1383 frg.
816 1309 856 1368 74
876 1325 942 1364 cum
963 1307 1013 1378 72,
1034 1307 1084 1382 73,
1105 1307 1160 1384 83,
1180 1307 1270 1366 0710111
1290 1309 1347 1384 frg.

179 1399 239 1456 109
260 1398 334 1456 01710
348 1398 566 1456 dubitationem
582 1397 713 1473 positum
729 1389 796 1476 est).
829 1399 929 1454 tamen
944 1394 1101 1453 diiudicari
1119 1395 1155 1453 de
1175 1398 1347 1458 auctoribus
1407 1444 1409 1449 -

177 1487 282 1544 ceteris
302 1487 481 1562 propriaque
496 1486 632 1546 doctrina
645 1485 779 1546 Nemesii
798 1484 1005 1543 difficillimum
1020 1487 1078 1544 est:
1098 1483 1173 1542 mire
1187 1486 1346 1564 aliquando

176 1577 206 1634 07
226 1595 292 1634 cum
307 1576 476 1636 Alexandro
491 1576 642 1652 conspirat
656 1579 687 1634 07
701 1594 768 1634 cum
782 1570 1010 1633 CHALCIDIO.
1038 1573 1094 1646 hic,
1114 1573 1165 1649 qui
1179 1592 1221 1634 00.
1236 1594 1347 1634 annum

176 1666 249 1736 325,
265 1665 385 1724 sirecte
400 1664 556 1741 coniciunt,
572 1664 815 1724 commentarium
831 1663 979 1739 quendam
994 1662 1031 1721 ad
1045 1663 1179 1722 Platonis
1191 1663 1347 1724 Timaeum

175 1753 371 1828 compositum
394 1754 499 1827 vertit,
522 1753 648 1813 Adrasti
672 1756 702 1812 07
726 1752 867 1811 Numenii
891 1751 1006 1828 aliquot
1028 1751 1198 1828 fragmenta
1217 1755 1263 1812 vel
1283 1773 1347 1813 sen·

175 1842 285 1902 tentius
304 1843 430 1921 recepit,
448 1845 642 1919 veterumque
660 1861 720 1902 non
738 1861 884 1917 nusquam
904 1841 1071 1900 Stoicorum
1089 1841 1235 1916 imprimis
1255 1841 1347 1920 Chry-

175 1931 253 2006 sippi
272 1931 383 2006 placita
401 1932 541 2007 prodidit,
560 1951 636 2008 quae
656 1932 775 1991 cuinam
793 1930 902 1990 debeat
924 1931 1055 1988 nondum
1074 1930 1168 1990 audeo
1187 1930 1346 1994 affirmare.

263 2019 395 2096 Uterque
414 2020 537 2080 mirifice
556 2040 623 2080 cum
646 2021 748 2080 libello
774 2020 810 2078 de
833 2019 894 2078 1070
915 2019 1025 2094 scripto
1044 2019 1095 2094 qui
1114 2018 1347 2079 PLVTARCHI

175 2128 285 2168 nomen
306 2109 414 2168 iniuria
436 2129 508 2186 prae
532 2128 563 2170 se
587 2111 646 2170 1017
671 2110 834 2184 conspirat,
860 2107 1029 2167 Chalcidius
1048 2109 1137 2185 ade0,
1161 2111 1195 2166 ut
1219 2111 1346 2168 eundem

174 2200 327 2257 auctorem
355 2199 507 2259 breviasse
534 2199 861 2275 Pseudoplutarchum‚
893 2197 1019 2256 vertisse
1051 2195 1237 2256 Chalcidium
1265 2203 1345 2258 certo

175 2287 337 2348 evincatur.
374 2307 449 2363 quae
468 2289 608 2364 quoniam
626 2290 657 2347 in
676 2289 774 2348 animo
793 2286 868 2344 mihi
887 2289 934 2345 est
951 2305 1032 2362 mox,
1056 2285 1081 2344 si
1100 2286 1140 2344 dii
1158 2288 1275 2362 volunt,
1300 2306 1347 2348 ac·

174 2376 307 2436 curatius
327 2395 482 2453 exponere,
500 2397 578 2437 nunc
595 2379 710 2438 omitto.
744 2376 795 2436 sed
813 2394 917 2436 moneo
936 2395 974 2435 ne
993 2376 1060 2451 quis
1078 2375 1253 2439 hoolibello
1274 2396 1345 2437 usus

173 2466 311 2543 genuinis
336 2485 371 2524 00
394 2467 568 2541 admisceat,
593 2486 670 2543 quae
694 2465 793 2526 Stoica
816 2464 885 2524 inde
908 2465 946 2523 ab
971 2463 1134 2524 Andronici
1156 2465 1218 2526 fere
1238 2467 1346 2525 071711-

173 2555 265 2616 tiochi
282 2555 467 2631 temporibus
486 2555 679 2632 Peripatetici
699 2559 730 2614 et
746 2554 918 2614 Academici
940 2554 1140 2630 proferebant.
1183 2555 1345 2632 eademque

174 2645 211 2703 de
239 2663 330 2704 causa
356 2645 493 2704 libellum
521 2645 558 2704 de
585 2647 709 2721 mundo,
742 2663 831 2720 quem
859 2645 910 2702 diu
941 2643 977 2702 ah
1006 2642 1170 2702 Aristotele
1197 2645 1262 2720 ipso
1296 2646 1346 2704 ab·

172 2734 336 2792 iudicatum
364 2735 579 2794 recentioribus
604 2733 812 2810 Peripateticis
840 2732 1050 2792 adtribuerent
1077 2752 1224 2808 quomque
1250 2753 1346 2809 nuper

172 2823 274 2900 Bergk
299 2823 423 2883 Nicolao
446 2823 644 2892 Damascene,
668 2823 803 2900 Bernays
827 2824 858 2881 ct
880 2822 996 2881 Vsencr
1023 2821 1116 2880 aetati
1140 2822 1267 2881 Neronis
1296 2825 1345 2882 vel

174 2912 354 2987 Vespasiani
372 2912 611 2989 vindicaverunt,
630 2913 728 2972 omitti
748 2914 892 2988 praestat.
929 2911 984 2969 hoc
1007 2911 1038 2968 in
1060 2910 1137 2970 libro
1161 2909 1346 2988 Chrysippea

172 3002 271 3060 multa
288 3000 387 3060 inesse
406 3002 477 3061 olim
497 2999 598 3061 Osann
617 3001 842 3074 demonstravit,
862 3000 914 3076 qui
931 3003 1032 3060 tamen
1050 3019 1145 3075 paene
1164 3019 1269 3060 caecus
1288 3001 1345 3076 ipsi

171 3091 218 3148 illi
234 3089 332 3150 Stoico
347 3093 443 3150 totum
459 3092 569 3150 donare
582 3091 691 3162 voluit3
711 3091 832 3150 libellus
851 3089 1044 3165 plutarcheus
1060 3089 1177 3146 nullum
1193 3087 1344 3148 Osannum

171 3180 270 3238 adhuc
292 3179 414 3240 invenit.
453 3199 545 3256 quare
569 3199 665 3255 neque
692 3177 725 3240 Ο.
744 3179 841 3238 Heine
864 3170 1046 3260 (Stoicorum
1070 3178 1106 3237 de
1129 3179 1192 3236 1070
1212 3179 1345 3238 doctrina

170 3269 344 3344 Numburgi
372 3271 455 3328 1859
482 3289 511 3343 p.
537 3260 570 3349 l)
596 3288 692 3343 neque
718 3269 753 3328 R.
775 3268 946 3326 Volkmann
973 3259 1088 3347 (leben,
1116 3267 1259 3326 schriften
1284 3269 1345 3326 und
1422 3313 1427 3324 .

171 3358 359 3434 philosophie
379 3357 430 3418 des
452 3358 596 3417 Plutarch
615 3377 674 3418 von
693 3356 865 3416 Chaeronea
883 3356 984 3415 Berlin
1003 3357 1086 3415 1869
1107 3377 1134 3431 p.
1156 3351 1343 3438 rio—154)

171 3447 330 3522 quicquam
350 3447 381 3504 in
401 3466 434 3506 eo
453 3450 640 3522 agnoverunt
660 3445 791 3506 Stoicum
814 3447 934 3521 praeter
952 3445 1059 3504 ultima
1077 3446 1181 3522 verba,
1205 3465 1281 3521 quae
1300 3445 1355 3504 di-·

172 3538 253 3596 serte
272 3555 322 3595 eos
341 3537 504 3610 nominant,
524 3537 575 3612 qui
594 3536 695 3595 omnia
712 3536 775 3594 1070
794 3535 861 3594 fieri
875 3537 1023 3594 censeant.
1054 3535 1109 3594 hoc
1128 3535 1207 3593 enim
1226 3535 1344 3594 nomine

172 3624 374 3700 Chrysippum
403 3625 493 3684 etiam
522 3627 559 3684 ab
583 3624 730 3685 Antiocho
756 3624 835 3700 apud
859 3623 1045 3698 Ciceronem,
1069 3623 1251 3701 Alexandro,
1276 3625 1344 3684 Dio-

171 3715 301 3790 geniano
330 3715 396 3774 aliis
423 3715 522 3774 notari
548 3715 697 3774 neminem
725 3713 820 3790 fugit,
848 3713 988 3772 nimirum
1017 3711 1087 3786 quia
1113 3711 1243 3788 priorem
1272 3710 1343 3788 περὶ

172 3797 362 3878 εἱμαρμένη(
385 3804 495 3863 librum
519 3805 556 3862 ad
581 3823 648 3862 eum
671 3803 761 3862 finem
784 3801 916 3878 scripsit,
940 3803 974 3859 ut
992 3801 1091 3860 omnia
1113 3802 1176 3860 fato
1195 3801 1260 3860 fieri
1278 3823 1344 3878 pro-

171 3894 267 3951 baret.
310 3894 389 3951 huno
413 3895 547 3952 consulto
570 3893 704 3968 neglexit
726 3892 905 3950 Plutarchus
928 3893 1119 3967 personatus,
1148 3892 1243 3950 altero
1266 3891 1343 3950 libro

170 3983 288 4040 fructus
308 3985 362 4040 est
399 3981 443 4040 ita
462 4001 498 4040 ex
521 4000 579 4041 uuo
598 3981 743 4042 uocabulo
770 3977 998 4054 (υνειμαρμένα
1027 3973 1102 4057 (cap.
1123 3981 1143 4037 4
1167 4000 1194 4054 p.
1220 3982 1282 4039 569
1295 3973 1343 4061 F),

171 4070 250 4146 quod
270 4069 333 4144 ipse
351 4070 544 4146 Plutarchus,
566 4074 600 4128 ut
621 4089 676 4147 par
700 4073 759 4144 est,
783 4062 962 4144 numquam1
985 4068 1134 4141 adhibuit,
1159 4068 1343 4144 Chrysippus

172 4161 270 4218 elucet
288 4151 671 4237 (cf..fragm.115-118)
689 4159 734 4217 ita
752 4178 815 4234 cap.
831 4161 849 4217 6
870 4178 897 4232 p.
913 4157 1012 4216 57οΕ
1033 4149 1065 4235 (ἡ
1085 4154 1142 4230 μὲν
1161 4152 1221 4230 γὰρ
1241 4153 1344 4232 εἱμαρ-

172 4245 250 4322 μένη
275 4243 381 4308 πάντα
404 4247 543 4324 περιέχει
563 4293 597 4308 ..
617 4244 684 4307 ,τὰ
711 4241 743 4306 δ’
766 4242 824 4307 οὐκ
853 4243 885 4308 ἐξ
914 4239 1053 4320 ἀνάγκη(
1080 4243 1244 4320 γενήεεται
1273 4240 1343 4305 ἀλλ’

170 4387 385 4396 ...—--———

245 4461 257 4507 1
277 4455 341 4508 Vno
359 4453 517 4524 fragmento
537 4456 663 4522 excepto,
684 4453 759 4521 quod
773 4452 857 4521 volgo
872 4451 1032 4520 neglegitur
1049 4449 1171 4519 itemque
1187 4449 1342 4520 Chrysippo

170 4525 386 4580 adtribuendum
407 4526 451 4580 est
469 4527 550 4594 (127).
