3232 5192
272 343 313 405 12
725 305 856 398 Alfrtdus
875 343 994 399 Garates:

271 507 392 572 παντὸς
406 505 617 572 ’ἀνεπίδεκτοι
636 512 743 573 κακοῦ.
778 509 819 572 τὰ
843 508 878 572 δὲ
903 513 958 587 τῆ(
977 513 1084 588 μικτῆ(
1108 508 1171 572 terr
1189 507 1317 588 φύιεω(
1336 509 1441 590 ὥςπερ

270 595 453 676 ἄνθρωποι,
477 597 513 661 ὃ(
537 598 716 675 ἐπιδέχεται
739 596 906 676 τάναντία,
935 597 1091 676 φρόνηαν
1114 598 1165 661 καὶ
1189 597 1376 678 ἀφροεύνην
1390 651 1397 666 .
1412 649 1441 666 ..

269 687 320 760 καὶ
340 686 503 752 ευνελόντι
523 685 645 765 φάναι.
662 685 821 770 ..ἀρετὴν
840 687 891 750 καὶ
909 686 1028 750 κακίαν.
1057 692 1196 751 cohaeret
1214 693 1355 751 nimirum
1369 695 1441 753 haec

270 780 404 839 doctrina
427 800 494 840 cum
518 781 662 839 educandi
685 781 813 855 ratione,
844 781 982 856 quoniam
1008 781 1109 840 divina
1131 781 1184 838 illa
1208 784 1273 841 arte
1296 782 1381 859 pueri
1404 785 1441 842 ad

270 871 380 930 bonurn
404 869 593 928 adliciuntur.
630 870 731 946 itaque
754 869 939 946 Chrysippus
963 870 1094 929 nutrices
1121 870 1181 928 iam
1204 889 1258 946 per
1280 872 1440 931 triennium

269 960 307 1018 iis
324 958 428 1018 datum
441 959 602 1017 infantium
615 963 730 1018 mentes
745 959 907 1018 informare
923 978 1013 1034 quam
1027 959 1147 1033 optimis
1161 960 1309 1019 institutis
1325 953 1439 1039 (Quint.

269 1048 284 1107 I
302 1040 401 1128 1,16)
424 1048 513 1106 iussit
538 1051 656 1107 secutus
680 1049 838 1108 Platonem
863 1040 950 1130 (Rep.
964 1047 996 1106 Π
1009 1069 1037 1124 p.
1054 1050 1116 1107 377
1130 1047 1165 1124 B,
1189 1048 1224 1106 cf.
1239 1049 1380 1109 Ps.·Plut.
1404 1050 1440 1108 de

269 1137 320 1195 lib.
336 1138 380 1197 ed.
396 1155 419 1196 e.
436 1140 453 1197 5
469 1156 498 1211 p.
513 1130 590 1219 3F).
628 1137 825 1197 dissentiebat
845 1137 882 1195 ab
902 1137 957 1196 hoc
976 1137 1006 1195 in
1025 1138 1111 1212 parte
1133 1156 1180 1210 ea,
1205 1138 1284 1213 quod
1311 1138 1440 1213 corporis

270 1243 371 1285 curam
396 1226 491 1286 multo
514 1229 584 1285 aute
607 1226 703 1302 ipsam
731 1227 921 1288 nativitatem
949 1244 1015 1285 esse
1038 1227 1254 1285 instituendam
1281 1226 1440 1288 iudicabat.

269 1317 325 1374 hac
348 1317 379 1374 iu
401 1335 435 1374 re
459 1334 526 1376 cum
544 1314 671 1375 Platone
697 1318 779 1375 stans
799 1315 976 1376 Posidonius
999 1315 1085 1374 illum
1108 1316 1302 1376 vehementer
1325 1317 1440 1393 vitupe-

268 1405 356 1480 ravit,
375 1407 476 1463 tamen
494 1404 558 1479 ipse
578 1407 684 1480 quarto
703 1404 816 1464 decimo
827 1405 949 1463 demum
966 1405 1046 1464 vitae
1061 1420 1138 1466 anno
1152 1423 1313 1480 puerorum
1327 1412 1440 1465 mentes

270 1485 320 1574 (τὸ
349 1489 539 1574 λογιετικὸν)
572 1494 673 1553 valere
700 1493 845 1554 iudicavit
873 1487 991 1575 (Galen.
1017 1493 1054 1552 de
1083 1495 1123 1570 pl.
1145 1494 1235 1570 Hipp.
1263 1499 1294 1553 et
1321 1494 1398 1554 Plat.
1413 1495 1440 1551 V

268 1603 297 1658 p.
313 1584 376 1642 466
389 1574 460 1663 sq.);
484 1601 613 1658 quanam
631 1584 731 1642 aetate
749 1583 910 1643 liberorum
929 1585 1069 1642 naturam
1088 1587 1178 1659 atque
1196 1583 1327 1644 indolem
1345 1602 1440 1644 corro·

268 1673 404 1731 boratam
425 1691 490 1731 esse
505 1670 689 1748 Chrysippus
704 1672 861 1747 censuerit,
879 1672 1036 1748 nescimus,
1056 1675 1137 1731 certo
1153 1675 1222 1748 post
1236 1691 1346 1731 annum
1360 1675 1441 1734 vitae

268 1761 400 1821 tertium.
439 1761 502 1820 sine
522 1761 612 1820 dubio
631 1780 732 1821 omnes
751 1762 885 1822 homines
905 1761 1018 1819 discere
1036 1761 1181 1822 virtutem
1204 1762 1313 1821 debere
1332 1763 1440 1835 docuit,

267 1849 297 1908 id
317 1849 395 1925 quod
415 1869 451 1908 ex
469 1850 581 1909 Laertii
599 1851 709 1926 placito
730 1842 855 1931 (V1191
873 1847 1022 1924 διδακτὴν
1037 1847 1095 1925 τὴν
1109 1841 1241 1932 ἀρετήν)
1260 1870 1319 1910 non
1335 1852 1441 1927 elucet,

268 1939 369 2016 itaque
389 1940 413 1998 si
432 1940 499 2015 quis
518 1939 605 2000 homo
625 1941 662 1998 ad
681 1939 755 2000 vitia
768 1958 934 2016 propensus
954 1957 989 1998 ea
1005 1939 1191 2015 exstirpavit,
1209 1941 1288 1998 hunc
1301 1940 1440 2000 laudibus

270 2028 389 2104 extulit;
408 2030 498 2104 atque
518 2030 621 2087 eadem
640 2029 756 2088 ratione
770 2027 905 2088 homines
920 2028 1033 2088 debiles
1048 2029 1100 2089 sed
1115 2046 1203 2088 sanos
1218 2029 1356 2106 diligenti
1370 2048 1441 2089 cura

268 2117 363 2176 factos
383 2117 555 2193 anteposuit
573 2118 611 2176 iis
629 2119 681 2193 qui
699 2137 716 2176 e
734 2121 842 2176 natura
860 2117 991 2194 corporis
1009 2118 1180 2177 valetudine
1195 2119 1273 2178 bona
1286 2119 1440 2178 fruuntur:

268 2207 322 2266 hos
342 2207 420 2265 enim
439 2210 474 2265 ut
492 2209 585 2266 bonos
605 2206 676 2267 deos
694 2226 753 2266 non
772 2207 936 2266 laudandos
961 2207 1012 2267 sed
1036 2209 1139 2267 beatos
1162 2225 1228 2266 esse
1246 2208 1439 2283 appellandos

268 2289 340 2375 (frg.
358 2298 429 2371 129,
449 2287 609 2377 39-49);
631 2299 731 2355 tamen
750 2316 787 2356 ne
808 2297 958 2373 sapientes
976 2296 1096 2372 quidem
1115 2298 1245 2355 natura
1264 2313 1329 2356 esse
1347 2299 1440 2357 bonos

269 2403 393 2460 usquam
412 2384 522 2444 diserte
542 2385 628 2444 dixit:
647 2385 737 2444 immo
755 2386 792 2444 ab
808 2405 842 2445 eo
859 2386 978 2445 videtur
992 2385 1154 2460 sumpsisse
1169 2385 1347 2446 Posidonius
1362 2387 1440 2462 quod

269 2473 305 2532 de
325 2475 390 2532 arte
409 2476 440 2533 et
459 2475 668 2535 exercitatione
685 2474 778 2534 tradit
793 2473 904 2535 Seneca
919 2467 979 2553 (sp.
997 2477 1046 2548 90,
1062 2477 1104 2533 44
1114 2491 1166 2551 eq,
1185 2475 1221 2534 cf.
1237 2475 1334 2534 Zeller
1347 2474 1395 2534 III
1408 2467 1440 2534 1³

267 2583 295 2638 p.
312 2555 401 2641 269).
431 2563 579 2624 contraria
597 2563 748 2623 sententia
770 2564 882 2642 legitur
904 2565 983 2639 apud
1002 2563 1153 2623 Plutarch.
1172 2583 1249 2638 pers.
1269 2564 1305 2624 de
1324 2564 1375 2622 lib.
1395 2565 1439 2624 ed.

268 2669 291 2712 c.
312 2655 330 2712 9
351 2671 378 2727 p.
396 2652 452 2712 vA
477 2647 619 2727 redduco
643 2650 678 2712 δὲ
701 2649 740 2712 τὸ
764 2652 852 2728 αῖιμα
875 2649 914 2714 οὐ
938 2648 1038 2726 μόνον
1057 2647 1197 2725 ὑγιεινὸν
1216 2647 1300 2712 ἀλλὰ
1318 2650 1369 2712 καὶ
1388 2648 1439 2713 εὐ-

269 2738 392 2802 εκτικὸν
412 2736 492 2802 εἶναι
512 2739 580 2817 χρή,
600 2738 650 2801 καὶ
669 2738 727 2801 τὸν
747 2737 847 2813 λόγον
866 2738 1017 2801 ὡιαύτωι
1036 2737 1094 2801 οὐκ
1109 2734 1228 2802 ἄνοιαν
1242 2737 1343 2815 μόνον
1358 2736 1441 2801 ἀλλὰ

269 2827 319 2889 καὶ
339 2825 499 2905 εὔρωιτον
519 2825 600 2891 εἶναι
620 2831 676 2892 δεῖ.
709 2827 746 2891 τὸ
767 2828 824 2905 μὲν
842 2827 903 2905 γὰρ
922 2826 1063 2904 dccccl&
1082 2826 1258 2890 ἐπαινεῖται
1274 2827 1383 2907 μόνον,
1402 2827 1440 2890 τὸ

269 2916 304 2978 δὲ
324 2915 526 2981 ἐπικίνδυνον
550 2917 600 2980 καὶ
619 2915 818 2995 θαυμάζεται.
855 2919 1040 2997 Chrysippus
1065 2921 1183 2979 laudem
1206 2920 1237 2979 in
1255 2921 1325 2997 hoc,
1348 2921 1440 2979 admi-

269 3009 417 3069 rationem
434 3010 466 3067 in
484 3010 559 3068 illud
577 3010 742 3070 transtulit.

356 3098 514 3157 Neminem
536 3099 616 3176 fugit
638 3119 675 3158 ue
700 3100 756 3158 hac
776 3098 895 3175 quidem
913 3099 945 3157 in
962 3117 995 3158 re
1014 3099 1088 3158 eatis
1108 3099 1233 3158 liberam
1252 3117 1317 3157 esse
1336 3098 1440 3158 volun-

269 3189 363 3245 tatem
384 3188 539 3247 hominum
563 3189 600 3247 ab
623 3189 676 3248 illo
697 3187 950 3264 circumscriptam
969 3191 1001 3247 et
1018 3191 1119 3248 tamen
1137 3205 1260 3264 prorsus
1279 3188 1441 3247 abhorrere

269 3294 286 3334 a
306 3277 422 3337 Zenone
441 3278 529 3336 huius
549 3277 744 3353 disciplinam.

361 3526 384 3574 3.
416 3517 549 3573 Antiochi
568 3521 597 3572 et
616 3517 766 3572 Alexandri
786 3517 820 3572 de
839 3517 898 3573 fato
917 3520 946 3572 et
964 3517 1052 3572 libero
1072 3517 1188 3574 arbitrio
1207 3517 1343 3572 doctrina.

357 3633 531 3692 Ceterarum
555 3634 688 3692 omnium
711 3635 881 3693 scholarum
904 3634 1074 3710 philosophi
1093 3653 1111 3692 a
1129 3632 1296 3710 Chrysippo
1316 3632 1441 3708 eiusque

268 3723 420 3799 discipulis
440 3742 475 3782 ea
493 3723 524 3781 in
543 3742 576 3783 re
594 3723 783 3801 dissentiunt,
802 3723 880 3798 quod
900 3741 1003 3782 casum
1022 3723 1215 3783 introducunt
1233 3729 1264 3781 et
1278 3722 1438 3797 fortunam,

268 3830 358 3889 quam
375 3813 427 3871 ille
446 3831 565 3872 causam
583 3831 648 3872 esse
661 3813 829 3887 protulerat
847 3813 960 3872 rationi
972 3813 1121 3871 humanae
1138 3812 1362 3888 imperceptam,
1386 3811 1440 3869 sci-

267 3903 338 3962 licet
357 3905 477 3961 secutus
492 3901 687 3962 Heraclitum.
715 3901 853 3977 Epicurei
871 3902 1021 3960 fortunam
1041 3901 1244 3977 agnoscebant
1263 3903 1294 3960 et
1312 3900 1438 3960 liberam

267 3991 462 4066 voluntatem,
481 3990 650 4050 Academici
669 3994 700 4048 et
718 3990 909 4065 Peripatetici
930 3996 1085 4065 praeterea
1103 3990 1283 4066 quibusdam
1300 3989 1331 4046 in
1349 3990 1440 4050 rebus

268 4081 359 4139 etiam
386 4081 496 4153 fatum,
526 4099 706 4156 quamquam
737 4080 767 4138 id
794 4079 893 4156 ipsum
916 4083 1079 4157 negaverat
1106 4077 1275 4138 Carneades
1304 4073 1378 4160 (cic.
1402 4079 1439 4138 de

267 4169 330 4229 fato
353 4173 401 4242 14,
417 4161 483 4248 31).
519 4172 609 4244 atque
634 4170 723 4228 etiam
748 4168 913 4228 Antiochus
936 4187 996 4228 non
1018 4169 1114 4228 fatum
1137 4168 1258 4228 videtur
1280 4167 1439 4228 retinuisse

270 4259 322 4317 sed
341 4277 449 4317 nexum
468 4276 638 4334 causarum,
664 4262 694 4316 et
715 4277 752 4317 ne
772 4276 929 4316 causarum
949 4258 1068 4333 quidem
1088 4258 1165 4316 ullas
1184 4258 1242 4316 nisi
1259 4259 1440 4316 naturaliter

269 4351 299 4407 et
318 4347 484 4406 necessario
499 4347 661 4407 efficientes
677 4338 762 4428 (ibid.
780 4349 829 4420 14,
845 4349 885 4406 33
898 4343 964 4426 sq.).
993 4347 1072 4406 idem
1087 4347 1211 4406 sustulit
1225 4346 1439 4406 divinationem

268 4439 421 4513 tamquam
441 4456 459 4496 a
477 4437 598 4496 fortuna
617 4435 746 4495 alienam
761 4432 845 4514 (ibid.
861 4437 890 4507 3,
906 4431 948 4516 6).
977 4437 1146 4495 Alexander
1159 4455 1219 4496 non
1236 4436 1356 4495 dubitat
1368 4436 1441 4512 quin

269 4527 308 4585 sit
322 4527 418 4585 fatum
438 4517 515 4606 (cap.
532 4530 549 4585 2
565 4518 644 4605 init.)
660 4528 690 4584 et
704 4524 848 4586 divinatio
867 4516 906 4606 (c.
921 4527 963 4586 30
978 4546 1003 4586 a.
1014 4523 1061 4607 a),
1081 4529 1112 4586 et
1129 4529 1231 4586 tamen
1245 4545 1281 4586 ex
1294 4544 1441 4586 consensu
