3232 5192
273 363 293 426 6
723 360 855 415 Alfredus
875 360 994 416 Gercke:

275 524 346 612 39);
370 551 458 606 quam
481 531 610 590 scrihere
633 530 779 605 incipiens
803 529 979 605 pronuntiat
1003 522 1080 608 (cap.
1105 521 1139 609 2)
1168 547 1235 588 cum
1262 528 1300 588 iis
1330 547 1362 587 se
1389 548 1446 588 non

274 641 378 698 agere,
397 621 450 696 qui
468 621 564 679 fatum
584 637 647 678 csse
667 639 789 695 prorsus
809 623 920 695 negent
942 619 993 677 sed
1016 619 1123 677 horum
1151 637 1182 676 se
1201 618 1347 678 rationem
1366 618 1448 678 habi-

274 714 377 769 turum
395 729 469 783 esse,
489 709 541 785 qui
560 709 660 768 omnia
679 709 841 767 secundum
860 708 956 767 fatum
971 708 1036 768 fieri
1052 706 1241 766 contendant.
1274 706 1379 766 deinde
1394 726 1448 766 sira

275 800 447 860 summatim
462 799 597 874 exposita
611 797 746 856 doctrina
762 789 859 876 (capp.
876 791 976 874 3-6)
992 797 1232 856 adversariorum
1252 796 1386 872 singulas
1402 797 1448 854 de-

276 889 380 949 scribit
408 891 438 946 et
465 887 623 962 impugnat
649 886 814 946 sententias
841 880 938 963 (capp.
960 877 1107 964 7-38),
1137 885 1250 944 scilicet
1272 885 1447 958 Stoicorum,

275 997 401 1054 quorum
421 976 542 1034 nomina
560 994 708 1050 nusquam
733 975 828 1033 addit:
854 978 955 1033 tamen
979 974 1059 1034 docti
1077 993 1137 1034 non
1160 973 1373 1034 dubitaverunt
1390 975 1449 1050 ipsi

278 1066 447 1142 Chrysippo
467 1085 502 1124 ea
520 1064 665 1138 tribuere,
681 1065 765 1123 cuius
786 1067 816 1122 ct
835 1063 1000 1122 sentcntiae
1018 1068 1088 1122 sunt
1107 1063 1232 1122 stratio
1252 1063 1448 1122 conclusionis

278 1157 356 1215 inest
374 1156 496 1230 logicae.
530 1154 607 1212 hanc
625 1153 753 1212 formam
772 1153 967 1212 concludendi
981 1153 1105 1230 agnovit
1120 1153 1217 1211 Zeller
1231 1144 1288 1210 IV3
1305 1155 1366 1211 167
1383 1153 1448 1212 adn.

279 1245 378 1318 3-53
403 1245 439 1308 cf.
459 1263 533 1319 quac
553 1243 589 1301 de
610 1242 712 1302 codem
731 1261 789 1301 usu
815 1242 974 1318 disputabo
997 1263 1025 1318 p.
1048 1244 1087 1300 16
1100 1261 1142 1317 sq.
1162 1241 1329 1300 sentcntiae
1349 1260 1450 1300 omnes

277 1335 340 1392 fere
365 1333 469 1392 alienis
493 1331 673 1393 testimoniis
698 1331 923 1406 confirmantur,
946 1331 977 1389 id
1000 1331 1080 1406 quod
1101 1331 1339 1406 fragmentorum
1358 1350 1373 1389 e
1392 1332 1450 1390 col-

277 1423 405 1483 lectione
433 1421 520 1480 lacile
549 1420 715 1497 apparebit.
757 1421 892 1495 exempla
914 1419 1035 1496 lapidis,
1065 1419 1237 1501 Oedipodis,
1260 1420 1320 1478 alia
1347 1439 1450 1479 rursus

278 1511 479 1588 reperiuntur,
499 1511 628 1568 mundus
647 1509 759 1568 animal
780 1509 906 1584 fingitur
930 1509 1064 1584 cogitans
1088 1500 1159 1590 (frg.
1182 1511 1221 1567 72
1246 1510 1310 1567 init.
1330 1510 1365 1568 cf.
1385 1529 1450 1567 cum

279 1602 357 1678 frgg.
378 1603 395 1660 9
418 1601 449 1658 et
469 1591 539 1680 10),
559 1599 718 1675 expellitur
737 1591 858 1671 ἀνάγκη
877 1597 1025 1657 retinetur
1048 1592 1217 1672 εἱμαρμένη
1242 1591 1313 1678 (frg.
1335 1598 1451 1657 11401.

279 1710 346 1750 cum
369 1691 426 1765 frg.
452 1680 545 1768 144);
570 1693 703 1746 ceterum
726 1687 757 1745 in
783 1705 900 1745 summa
923 1687 1058 1746 doctrina
1081 1690 1112 1745 et
1134 1687 1230 1746 iatum
1254 1691 1285 1746 et
1312 1689 1451 1747 voluntas

280 1780 434 1838 hominum
454 1777 664 1852 defenduntur,
683 1778 742 1835 duo
762 1795 873 1852 genera
892 1795 1063 1848 causarum,
1082 1770 1303 1848 (υγκατάθετιέ
1328 1777 1387 1835 alia
1406 1796 1452 1835 ex-

280 1869 438 1942 plicantur.
462 1867 601 1926 dubitare
611 1865 776 1924 sinendum
788 1864 912 1939 desiisti,
924 1865 994 1924 audi
1004 1865 1080 1940 legis
1091 1864 1290 1924 definitionem
1303 1858 1452 1945 (f1·g.55):

281 1943 367 2015 silex
387 1959 441 2032 cst,
461 1959 507 2013 est
523 1955 612 2014 etiam
628 1949 726 2026 λόγος
741 1948 837 2027 ὀρθὸς
851 1951 1077 2028 προστακτικὸς
1094 1949 1152 2028 μὲν
1167 1947 1213 2013 ὧν
1227 1951 1380 2028 ποιητέον
1394 1948 1451 2013 ἀπ-

281 2040 485 2118 ογορειττικὸτ
507 2041 542 2102 δὲ
567 2037 614 2104 ὧν
634 2038 672 2103 οὐ
692 2041 856 2117 ποιητέον,
878 2045 926 2102 vel
945 2043 1096 2102 similiter:
1123 2037 1154 2102 οἱ
1172 2039 1230 2116 μὲν
1249 2038 1341 2116 νόμοι
1360 2059 1452 2116 προτ-

281 2130 419 2192 τοικτικοὶ
442 2129 500 2207 μέν
526 2128 601 2192 einr
624 2131 690 2192 τῶν
713 2129 874 2206 ποιητέων
892 2126 1139 2206 ἀπαγορευτικοὶ
1165 2128 1200 2190 δὲ
1220 2131 1286 2191 τῶν
1305 2127 1344 2190 οὐ
1364 2149 1452 2207 ποιη-

281 2221 377 2296 τέων,
398 2225 487 2297 atque
507 2241 573 2280 cum
592 2222 646 2280 hac
664 2221 748 2280 illam
767 2221 868 2280 confer
886 2240 976 2296 quam
995 2240 1062 2280 curn
1081 2221 1200 2280 nomine
1216 2219 1376 2296 Chrysippi
1395 2240 1454 2280 ser-

281 2312 364 2372 vavit
382 2311 551 2370 Marcianus
571 2303 701 2390 (Digest.
720 2309 735 2368 Ι
755 2313 788 2383 3,
809 2303 856 2388 2):
881 2305 992 2388 [λόγοι
1016 2305 1126 2385 onear]
1147 2306 1372 2382 uoocrnrrrrbc
1396 2307 1453 2383 μὲν

281 2400 347 2460 τῶν
372 2397 531 2474 ποιητέων
556 2393 807 2472 ἀπαγορευτικὸς
831 2396 866 2458 δὲ
889 2397 956 2458 τῶν
980 2394 1018 2458 οὐ
1042 2395 1211 2471 ποιητέων.
1253 2417 1301 2458 res
1321 2399 1454 2458 confecta

282 2493 341 2549 est:
360 2507 562 2565 quaecumque
577 2488 747 2547 Alexander
765 2488 944 2564 adversariis
959 2487 1091 2548 vindicat
1105 2485 1274 2563 Chrysippo
1293 2488 1452 2565 debentur;

283 2583 384 2638 tamen
397 2579 561 2637 cavendum
576 2581 629 2650 cst,
645 2597 682 2636 ne
697 2577 797 2636 omnia
810 2573 856 2635 illi
870 2578 1019 2653 imputata
1032 2577 1192 2653 genuinam
1206 2578 1333 2652 prodere
1348 2577 1454 2636 doctri-

282 2688 352 2728 nam
366 2668 540 2744 iudicemus,
560 2667 701 2743 quoniam
717 2685 776 2726 non
789 2667 890 2726 nullae
905 2667 1070 2725 sententiae
1085 2665 1159 2725 adeo
1174 2666 1308 2726 detortae
1324 2669 1401 2741 sunt,
1420 2670 1458 2738 ut·

283 2758 316 2816 in
334 2757 513 2816 contrariam
528 2757 591 2815 fere
609 2759 726 2831 partem
740 2774 843 2816 versas
862 2756 1057 2815 inveniamus.
1091 2756 1164 2813 hacc
1182 2755 1360 2830 fragmenta,
1380 2775 1455 2830 quae

285 2866 371 2907 cruce
389 2846 505 2921 notavi,
524 2846 699 2921 plerumque
718 2845 864 2905 similibus
884 2846 1011 2903 aliorum
1030 2847 1185 2903 auctorum
1204 2848 1257 2902 aut
1275 2844 1368 2920 ipsius
1386 2844 1454 2903 Ale-

284 2935 390 2996 xandri
409 2936 600 3012 corriguntur
619 2938 672 2994 aut
690 2934 846 2994 contrariis
865 2934 999 2993 funditus
1019 2935 1207 2992 refelluntur.

372 3025 440 3084 Una
462 3042 532 3085 vero
557 3023 692 3082 doctrina
715 3024 812 3082 adhuc
834 3023 939 3100 ignota
960 3023 1052 3082 nullis
1076 3024 1140 3082 fere
1158 3021 1340 3082 testimoniis
1353 3021 1456 3080 ¹firma-

283 3119 346 3175 tur:
370 3118 470 3172 tamen
494 3113 698 3174 addubitanda
721 3131 780 3172 non
803 3116 849 3171 est
873 3113 909 3172 cf.
927 3133 955 3188 p.
979 3116 1072 3188 lisq.
1114 3113 1252 3170 versatur
1275 3129 1311 3169 ea
1334 3111 1365 3169 in
1385 3111 1454 3169 edu·

284 3204 399 3264 catione
417 3222 593 3278 puerorum,
617 3201 653 3260 de
677 3220 735 3278 qua
756 3219 852 3277 pauca
869 3201 999 3278 viliaque
1018 3201 1143 3260 tradidit
1161 3199 1362 3271 Quintilianus
1379 3220 1455 3277 quae

286 3295 323 3352 ab
342 3292 512 3350 Alexandro
531 3311 569 3350 ne
587 3291 789 3366 respiciuntur
808 3291 928 3366 quidem
947 3309 1128 3366 quamquam
1144 3309 1178 3348 ea
1195 3277 1313 3365 quoquc
1328 3291 1456 3348 Alexan·

287 3383 332 3440 dri
346 3380 524 3456 fragmentis
540 3372 633 3460 (frgg.
650 3373 838 3461 raa-140)
854 3380 953 3456 aliquo
967 3379 1055 3438 modo
1069 3380 1270 3439 illustrantur.
1299 3383 1456 3454 praetcrea

287 3471 334 3530 his
353 3470 427 3546 ipsis
448 3469 567 3546 egregie
587 3470 736 3562 decemp,
754 3469 825 3544 quid
840 3467 876 3528 de
891 3473 998 3528 natura
1013 3469 1165 3528 hominum
1181 3472 1211 3527 et
1225 3468 1348 3526 deorum
1362 3468 1457 3543 deque

285 3559 391 3618 morali
412 3578 514 3618 eorum
533 3558 759 3634 constitutione,
783 3559 819 3616 de
842 3559 985 3618 facultate
1003 3557 1144 3634 peccandi
1168 3557 1294 3632 denique
1314 3557 1350 3615 de
1368 3556 1457 3616 laude

286 3647 506 3725 vituperatione
525 3647 722 3706 admiratione
741 3647 898 3707 censuerit.

375 3737 410 3794 Iu
430 3737 524 3794 altero
544 3733 617 3810 περὶ
632 3737 737 3810 ψυχῆς
754 3737 832 3794 libro
848 3737 972 3796 eundem
989 3734 1189 3811 Chrysippum
1204 3753 1270 3794 cum
1285 3735 1357 3794 alibi
1376 3753 1456 3810 spar-

287 3827 341 3886 sim
357 3827 534 3902 impugnare
548 3825 668 3884 videtur
682 3829 746 3884 tum
761 3826 792 3884 in
806 3845 840 3883 eo
855 3825 952 3900 capite
968 3824 1047 3900 quod
1062 3825 1093 3881 in
1106 3823 1217 3882 Aldina
1233 3817 1274 3900 (p.
1293 3823 1384 3883 raab
1400 3818 1457 3901 sq.)

285 3916 458 3975 inscribitur
472 3913 538 3975 τῶν
553 3911 639 3989 παρὰ
658 3909 892 3988 Ἀριετοτέλουτ
907 3910 979 3987 περὶ
993 3913 1051 3973 τοῦ
1071 3905 1128 3988 ἐφ’
1147 3908 1230 3986 ἡμῖν.
1267 3916 1299 3971 at
1318 3913 1458 3989 quoniam

288 4008 431 4081 quantum
457 4003 624 4079 Chrysippo
653 4005 797 4063 debeatur
824 4003 945 4062 difficile
973 4006 1019 4061 est
1044 4002 1188 4076 iudicatu,
1216 4020 1312 4078 pauca
1339 4005 1456 4060 tantum

287 4093 373 4170 quasi
392 4093 552 4169 specimina
571 4094 665 4152 electa
682 4093 762 4152 inter
780 4093 949 4169 fragmenta
967 4091 1075 4167 recepi.

376 4182 420 4241 De
443 4181 480 4239 iis
503 4181 650 4255 fontibus,
674 4183 724 4258 qui
748 4182 866 4257 singula
889 4184 1004 4240 tantum
1028 4181 1199 4256 fragmenta
1221 4179 1367 4255 praebent
1390 4199 1456 4238 cum

289 4273 414 4331 aliorum
435 4274 589 4330 auctorum
608 4275 674 4330 tum
688 4271 886 4347 Chrysippea,
904 4271 1000 4328 veluti
1017 4269 1236 4344 placitorum
1256 4268 1457 4343 scriptores

288 4354 338 4441 (de
357 4362 440 4420 fonte
460 4361 586 4436 quodam
603 4359 682 4419 Aetli
697 4361 733 4420 cf.
747 4359 831 4418 Diels
845 4359 901 4418 DC
919 4380 948 4435 p.
965 4351 1042 4439 178)
1063 4361 1093 4416 et
1112 4356 1277 4416 Senecam
1297 4377 1356 4416 non
1374 4358 1459 4416 nulla

288 4450 373 4509 nobis
393 4467 526 4509 servasse
540 4453 643 4510 notum
659 4451 714 4524 est,
733 4450 808 4506 nihil
827 4449 922 4508 dicam
935 4449 993 4508 nisi
1008 4466 1116 4522 magna
1135 4466 1209 4522 opus
1225 4465 1290 4506 csse
1308 4448 1458 4524 cautionc3

289 4558 367 4597 nunc
385 4538 525 4614 quoniam
545 4539 581 4598 de
600 4540 696 4614 primo
716 4538 843 4613 quodam
865 4558 965 4598 corum
984 4539 1065 4599 fonte
1085 4536 1202 4612 agimus
1220 4536 1375 4612 propiores
1395 4536 1459 4596 iure
