3232 5192
671 371 852 443 Chrysippea.
1306 373 1346 435 13

173 545 420 620 philosophorum
438 541 698 618 multitudiuisque
716 542 870 602 hominum
888 541 1010 618 agnosci
1028 543 1181 601 fortunam
1200 544 1231 600 et
1245 559 1347 601 casum

174 633 257 693 addit
271 625 349 710 (cap.
366 637 383 692 7
404 653 432 708 p.
448 634 490 692 20
506 623 563 711 0.).
596 632 668 690 haec
686 651 758 691 uero
773 635 926 708 tamquam
945 649 1045 690 secum
1063 649 1123 690 non
1142 631 1347 691 convenientia

172 723 233 781 iam
252 721 477 797 vituperaverat
495 720 661 780 Antiochus
685 722 716 780 in
739 720 900 780 Posidonio
925 714 999 800 (Cic.
1015 723 1043 798 3,
1059 711 1109 801 5),
1136 720 1188 797 qui
1207 715 1249 778 ‘in
1268 713 1345 778 aliis’

171 811 270 886 inquit
297 804 435 870 ‘naturae
463 810 600 886 contagio
624 809 706 869 ualet
728 829 818 886 quam
842 828 897 887 ego
920 828 981 869 non
1003 810 1090 883 tollo,
1118 810 1165 868 vis
1194 814 1240 869 est
1263 810 1347 867 nulla

172 900 288 960 fatalis:
307 899 338 958 in
360 899 427 958 aliis
447 903 549 958 autem
566 898 692 959 fortuita
711 899 885 974 quaedam
909 917 975 957 esse
993 893 1141 974 possunt?
1179 899 1234 958 hae
1253 898 1347 974 igitur

172 989 205 1048 in
218 1008 251 1048 re
264 989 347 1049 vides
362 989 543 1066 Antiochum
557 989 774 1048 accuratiorem
787 987 946 1048 Posidonio
961 990 1052 1064 atque
1063 987 1240 1061 Alexandro,
1255 987 1347 1047 etiam

174 1078 200 1137 si
222 1079 271 1137 hio
295 1078 393 1136 samm
416 1081 447 1136 et
470 1080 609 1136 naturam
632 1097 734 1137 rerum
756 1097 816 1136 non
840 1077 1008 1152 discrepare
1033 1077 1105 1136 satis
1129 1081 1214 1137 caute
1233 1078 1346 1152 posuit.

173 1167 332 1227 Posidonio
360 1166 455 1242 igitur
481 1166 601 1226 videtur
629 1167 854 1226 attribuendum
880 1185 945 1225 esse
968 1167 1111 1242 placitum
1134 1165 1216 1224 Aetii
1234 1165 1249 1224 I
1265 1169 1345 1240 29,7

176 1249 218 1333 (p.
234 1258 296 1315 326
312 1257 366 1332 aa,
385 1256 430 1315 b8
442 1253 490 1332 D.)
510 1250 530 1312 ἃ
550 1253 608 1329 μὲν
627 1251 688 1330 γὰρ
708 1249 788 1316 εἶναι
807 1248 879 1315 κατ’
898 1249 1040 1328 ἀνάγκην
1059 1250 1080 1313 ἃ
1099 1249 1221 1315 δὲκαθ’
1241 1251 1345 1329 εἱμαρ-

173 1342 273 1419 μένην
291 1339 311 1402 ἃ
331 1341 366 1403 δὲ
386 1340 466 1404 κατὰ
485 1340 668 1418 προαίρεειν
687 1340 707 1402 ἃ
727 1341 762 1403 δὲ
782 1340 862 1403 κατὰ
882 1340 983 1419 τύχην
1001 1339 1021 1402 ἃ
1041 1341 1076 1403 δὲ
1097 1339 1176 1403 κατὰ
1194 1341 1232 1403 τὸ
1252 1339 1346 1402 αὐτό-

173 1448 287 1508 ματον,
313 1434 344 1492 id
371 1434 448 1509 quod
477 1433 596 1494 Platoni
621 1435 674 1493 dat
700 1433 870 1493 chalcidius
895 1424 973 1513 (cap.
1001 1425 1093 1511 145),
1120 1432 1287 1510 Chrysippo
1313 1436 1348 1492 ut

172 1522 292 1582 uidetur
317 1523 415 1581 Zeller
440 1513 512 1601 (IV3
534 1523 610 1596 165,
632 1515 681 1604 2),
705 1522 885 1582 adversariis
908 1541 969 1582 non
988 1523 1148 1582 nominatis
1166 1524 1198 1582 in
1220 1523 1347 1582 formam

173 1611 328 1670 redactum
346 1613 436 1687 paulo
455 1611 627 1670 liberiorem
646 1611 803 1671 Nemeeius
822 1602 899 1691 (cap.
916 1613 956 1670 39
976 1602 1088 1692 initio).

263 1699 402 1759 Ceterum
427 1701 464 1759 de
487 1700 622 1760 doctrina
640 1701 780 1762 Antiochi
803 1704 834 1760 et
855 1700 1020 1760 Alexandri
1047 1719 1228 1777 quamquam
1250 1701 1348 1761 multa

99 1779 103 1786 ¹
174 1808 242 1848 cum
267 1789 436 1848 communia
459 1792 524 1848 tum
547 1790 666 1850 diversa
685 1790 832 1850 enucleari
856 1793 982 1866 possunt
1000 1789 1160 1867 diligenter
1179 1790 1346 1866 disquisitio

175 1877 325 1938 Ciceronis
340 1879 495 1954 ipsiusque
507 1879 678 1955 philosophi
692 1879 934 1956 Aphrodisiensis
953 1879 989 1937 de
1003 1879 1067 1938 fato
1082 1879 1176 1954 libris
1195 1898 1282 1939 nemo*
1296 1881 1347 1942 ad*

174 1967 233 2026 huc
250 1967 402 2042 propriam
417 1967 550 2026 instituit
564 1967 770 2043 quaestionem
784 1987 880 2044 neque
894 1969 969 2026 mihi
984 1987 1064 2028 nunc
1077 1968 1235 2028 instituere
1249 1972 1347 2029 vacat.

544 2215 569 2263 4.
597 2209 638 2264 De
657 2208 826 2279 Diogeniani
844 2209 980 2266 doctrina.
1002 2237 1005 2242 ·

262 2324 347 2384 Nihil
371 2325 407 2383 de
432 2324 617 2400 Diogeniauo
646 2327 765 2385 constat
787 2323 844 2384 nisi
868 2323 1028 2402 Chrysippi
1051 2325 1215 2385 doctrinam
1238 2326 1347 2384 acriter

173 2415 211 2473 ab
237 2433 271 2474 eo
296 2413 503 2491 impugnatam
527 2431 602 2473 esse.
638 2432 698 2490 qua
722 2414 758 2472 de
781 2433 814 2473 re
838 2415 916 2474 forte
940 2415 1096 2475 miraberis
1116 2407 1280 2473 Zollerum1
1305 2414 1348 2474 ita

173 2504 322 2562 dicentem
347 2493 420 2583 (IV8
440 2505 501 2564 779
518 2494 613 2584 adn;):
638 2497 693 2577 Ἵ),
716 2522 775 2562 uon
798 2504 866 2563 dem
888 2503 959 2562 Eus.
983 2511 1121 2582 grosssre
1139 2503 1348 2580 bruchstflcka

175 2611 273 2668 gagen
296 2589 461 2668 Chrysipps
484 2593 588 2651 lehren
606 2593 681 2652 tiber
699 2593 747 2651 die
774 2594 964 2670 weiseagung
989 2594 1049 2652 und
1068 2594 1121 2652 das
1150 2593 1347 2668 verhtngniss

173 2681 330 2756 gerichtet,
349 2681 502 2740 vielleicht
520 2700 574 2739 aus
594 2681 676 2741 einer
694 2681 800 2740 schrift
823 2700 855 2741 π.
875 2677 1071 2757 εἱμαρμένης,
1090 2681 1248 2758 mittheilt3
1266 2688 1349 2759 mdg·

172 2771 358 2829 licherweise
381 2770 458 2828 eine
480 2789 588 2845 person
611 2771 667 2829 mit
690 2770 758 2829 dem
775 2771 977 2848 Pergamener
995 2771 1045 2846 D.,
1069 2772 1123 2830 der
1142 2771 1193 2829 bei
1210 2770 1288 2830 Plut.
1311 2770 1348 2830 de

173 2859 263 2934 Pyth.
287 2858 417 2919 oraculis
440 2859 501 2918 und
525 2879 573 2934 qu.
597 2878 680 2920 conv.
705 2861 749 2918 als
772 2860 1045 2936 gesprachsperson
1067 2860 1200 2934 nuttritt3
1229 2878 1290 2918 was
1315 2879 1348 2918 er

172 2949 237 3006 ihm
255 2948 286 3006 in
305 2948 364 3006 den
381 2948 474 3006 mund
493 2947 570 3024 legt,
595 2949 676 3008 steht
698 2949 880 3026 wenigstens
904 2950 960 3008 mit
983 2949 1080 3008 dieser
1100 2950 1247 3008 annahme
1265 2949 1348 3008 nicht

173 3037 216 3095 im
235 3037 470 3113 widerspruche‚
494 3035 742 3113 Pyth.or.5,17
766 3039 869 3097 wdrde
890 3039 1035 3098 vielmehr
1053 3037 1109 3096 mit
1129 3039 1240 3097 seinem
1260 3037 1347 3113 shep-

176 3126 295 3185 tischen
312 3125 469 3185 verhalten
491 3145 543 3184 zur
566 3126 683 3185 mantili
702 3127 851 3188 stimmen.
888 3147 919 3187 es
938 3127 1016 3186 fehlt
1034 3127 1107 3186 aber
1125 3127 1288 3203 allerdiugs
1308 3145 1347 3185 an

172 3214 403 3274 bestimmteren
425 3215 584 3274 anaeicheu
606 3215 707 3290 dafhr,
731 3217 796 3276 dass
820 3216 856 3276 D.
879 3235 938 3276 von
961 3216 1041 3276 Plut.
1060 3218 1104 3276 als
1128 3216 1348 3293 Peripatetiker

174 3304 359 3380 geschildert
376 3304 497 3363 werden
516 3296 609 3364 solla'
1310 3355 1314 3362 .

264 3391 324 3452 Cur
342 3392 466 3452 Eusebii
480 3392 683 3469 Diogenianus
702 3395 781 3453 inter
795 3394 1009 3471 Peripateticos
1028 3395 1221 3455 recensetur?
1245 3413 1348 3471 pugna

175 3481 256 3540 enim
278 3485 382 3542 contra
400 3481 633 3557 providentiam,
656 3483 766 3557 latum,
790 3484 1003 3545 divinationem
1022 3483 1188 3545 Stoicorum
1211 3484 1250 3543 ab
1269 3482 1347 3542 Aca-

176 3569 300 3631 demicis
316 3575 346 3630 et
360 3571 515 3646 Epicureis
529 3590 587 3630 non
598 3573 696 3631 minus
710 3591 800 3648 quam
814 3572 1047 3650 aPeripateticis
1061 3574 1104 3634 fit.
1123 3573 1225 3650 itaque
1239 3591 1349 3648 magna

177 3678 214 3719 ex
236 3664 323 3735 parte
341 3660 586 3720 Academicorum
610 3663 775 3721 sententiae
800 3681 866 3721 cum
890 3662 1074 3739 Diogeniano
1098 3665 1281 3739 congruunt3
1311 3661 1347 3721 cs.

177 3747 238 3808 Cic.
261 3751 297 3808 de
320 3749 378 3810 div.
392 3748 423 3807 ΙΙ
439 3751 467 3824 8,
484 3752 623 3824 20-10,
638 3752 679 3809 25
705 3754 735 3810 et
758 3751 844 3827 Diog.
858 3751 915 3828 srg.
930 3754 959 3825 4,
976 3754 1115 3811 42-49.
1152 3754 1254 3810 tamen
1278 3750 1347 3827 Epi-

177 3839 242 3896 curi
260 3838 379 3898 scholae
398 3856 465 3897 eum
484 3838 652 3898 adscribere
670 3859 729 3900 non
744 3839 847 3900 dubito
865 3840 912 3899 his
932 3842 968 3899 de
986 3841 1098 3900 causis:

267 3927 403 3985 Primum
421 3931 542 3987 strenue
565 3929 596 3987 in
620 3929 727 3988 ceteris
747 3929 937 4005 breuiterque
956 3930 1111 4008 redarguit
1135 3927 1348 4005 Chrysippum

176 4035 237 4075 uno
256 4017 319 4076 loco
338 4015 430 4076 latius
450 4017 591 4091 expandit
609 4021 787 4096 argumenta
805 4011 848 4096 (4,
860 4013 916 4096 52)
935 4012 1042 4078 ἄλλως
1061 4035 1096 4078 τε
1114 4013 1166 4077 καὶ
1179 4017 1279 4077 ταῦτα
1294 4009 1348 4098 (τὰ

177 4096 272 4186 κακὰ)
297 4102 354 4179 μὲν
378 4100 417 4164 οὐ
441 4102 525 4165 πάνυ
549 4123 578 4164 τι
602 4102 831 4180 repressione
855 4101 976 4168 trechas
995 4105 1070 4182 nolu
1089 4102 1218 4166 ἀκοῦεαι
1237 4104 1347 4165 κατελ-

178 4188 324 4267 πίζομεν,
347 4189 387 4252 τὰ
410 4187 443 4253 b'
466 4188 570 4267 ἀγαθὰ
589 4193 711 4269 μᾶλλον
730 4189 848 4255 πάντες
868 4190 912 4255 ὼ(
931 4191 1032 4256 εἰπεῖν
1051 4193 1278 4270 προεδοκῶμεν
1297 4190 1349 4255 διὰ

177 4279 237 4356 τὴν
261 4281 395 4357 φυεικήν
419 4278 573 4343 οἰκείωειν
597 4281 678 4358 πρὸ(
702 4280 795 4344 αὐτά·
818 4279 849 4344 οἱ
874 4283 931 4358 μὲν
954 4281 1015 4358 γὰρ
1040 4281 1155 4345 πολλοὶ
1179 4281 1230 4343 καὶ
1253 4280 1347 4358 μείζω

178 4387 392 4394 ——..-.„-—·-

252 4424 265 4470 1
286 4417 446 4472 Antecessit
463 4419 547 4487 Hugo
566 4393 687 4487 Grotius,
710 4418 940 4488 philosophorum
959 4419 1114 4472 sententiae
1133 4419 1167 4472 de
1187 4419 1246 4473 fato
1267 4420 1295 4471 et
1314 4419 1348 4472 de

179 4504 212 4542 eo
241 4490 315 4556 quod
338 4490 367 4542 in
390 4490 486 4543 nostra
510 4491 554 4542 est
576 4492 717 4558 potestate
740 4490 876 4544 collectae
900 4489 1004 4558 purtim
1023 4491 1052 4544 et
1071 4490 1105 4544 de
1123 4488 1232 4544 Graeco
1251 4507 1347 4544 versae

177 4560 383 4616 Amsterodami
402 4561 477 4629 apud
494 4559 524 4614 Ia.
540 4559 708 4616 Elzevirium
726 4578 750 4616 a.
768 4566 836 4616 1648
855 4579 881 4631 p.
897 4567 958 4617 265.
