3232 5192
583 1299 592 1316 ·
667 1283 827 1358 VITA

254 1448 395 1507 Alfredus
406 1446 532 1508 Carolus
546 1448 715 1507 Fridericus
732 1448 889 1524 Augustus
900 1445 1015 1506 Gerclre
1029 1449 1119 1506 natus
1135 1465 1200 1506 sum
1215 1446 1335 1506 Hanno-

166 1557 252 1596 verae
263 1537 311 1597 die
322 1537 462 1598 vicesimo
472 1538 581 1597 Martio
594 1557 620 1596 a.
633 1539 718 1597 1860
728 1541 814 1614 patre
825 1535 935 1597 Ottone
945 1539 1041 1598 matre
1054 1535 1209 1595 Charlotte
1220 1537 1336 1612 egente

166 1626 342 1687 Wilmanns.
379 1627 475 1704 primo
493 1626 605 1686 ibidem
624 1627 720 1686 literis
740 1626 873 1686 imbutus
893 1628 1037 1687 autumno
1056 1646 1082 1686 a.
1101 1627 1183 1686 1868
1204 1626 1337 1685 Berolini

166 1716 196 1774 in
214 1716 404 1793 gymnasium
418 1717 535 1794 regium
551 1714 744 1776 Guilelmium
758 1720 896 1793 receptus
910 1716 1011 1792 ibique
1025 1735 1079 1791 per
1094 1715 1228 1774 undecim
1244 1734 1336 1775 annos

165 1809 303 1865 versatus
323 1825 398 1865 sum.
435 1805 537 1865 statim
557 1809 588 1866 et
606 1806 721 1866 civibus
740 1805 945 1866 universitatis
965 1804 1143 1864 Fridericiae
1159 1803 1336 1864 Guilelmiae

166 1898 200 1953 ut
219 1895 402 1954 adscriberer
420 1894 579 1970 impetravi
599 1899 630 1954 et
643 1895 825 1972 stipendium
844 1895 875 1952 in
893 1894 1011 1970 legione
1026 1893 1057 1952 ΙΙ
1075 1894 1266 1969 praetoriana
1284 1894 1337 1952 im-

166 1985 317 2058 peratoria
327 1984 525 2043 Franciscena
539 1985 642 2043 merui.
672 2003 749 2043 anno
762 1986 883 2061 peracto
894 1984 1029 2043 Bonnam
1044 1983 1172 2059 migravi
1185 1986 1275 2059 atque
1288 1982 1338 2042 hic

166 2074 234 2148 plus
253 2077 316 2132 tres
336 2092 428 2132 annos
449 2074 583 2149 exemplo
602 2074 724 2132 consilio
748 2074 960 2133 consuetudine
980 2073 1186 2148 egregriorum
1205 2073 1336 2132 virorum

167 2162 317 2221 Francisci
326 2162 491 2222 Buecheler
506 2163 636 2222 Benardi
651 2163 767 2222 Kekule
781 2162 946 2222 Hermanni
956 2161 1072 2222 Vsener
1086 2163 1201 2221 fructus
1216 2165 1338 2237 praeter

165 2251 269 2310 literas
287 2251 402 2327 pietate
420 2254 567 2328 gratoque
581 2270 654 2328 erga
671 2251 726 2318 hos
741 2252 839 2311 animo
856 2251 997 2326 impletus
1012 2269 1091 2326 sum;
1110 2270 1204 2309 unum
1221 2251 1338 2309 interea

166 2359 278 2399 annum
301 2342 339 2399 ad
362 2342 466 2400 urbem
489 2360 628 2401 reversus
651 2341 763 2418 insigni
790 2340 999 2400 benevolentia
1026 2343 1057 2399 et
1083 2339 1270 2399 humanitate
1299 2339 1336 2399 ab

166 2429 338 2508 Hermanno
352 2430 436 2489 Diels
450 2431 624 2491 adiuvabar.
653 2420 818 2490 docuerunt
831 2449 879 2488 me
893 2450 940 2489 vv.
956 2447 995 2488 cc.
1009 2429 1094 2487 Diels
1108 2429 1136 2488 J.
1152 2428 1187 2488 G.
1201 2429 1337 2505 Droysen

166 2517 203 2578 A.
217 2519 374 2579 Kirchhcff
386 2519 581 2579 Muellenhoff
591 2540 619 2580 v.
635 2519 810 2578 Treitschke
825 2519 942 2578 Vahlen
957 2519 1172 2591 Berolinenses,
1190 2517 1337 2576 Aufrecht

165 2607 284 2666 Bender
298 2608 463 2668 Buecheler
477 2609 595 2668 Franck
608 2609 629 2667 J
631 2627 696 2669 oers
710 2608 826 2668 Kekule
840 2607 1022 2684 Lamprecht
1035 2607 1188 2668 Luebbert
1200 2607 1337 2666 Mauren-

166 2697 291 2756 brecher
307 2695 457 2757 Schwartz
469 2699 585 2759 Vsener
600 2699 783 2759 Bonnenses.
811 2701 846 2756 ut
861 2698 1012 2757 seminarii
1027 2697 1161 2756 historici
1171 2696 1336 2756 Bonnensis

165 2805 220 2861 per
234 2805 345 2845 annum
360 2805 456 2846 essem
474 2789 584 2847 sodalis
599 2787 852 2848 extraordinarius
866 2787 1115 2846 Maurenbrecher
1129 2786 1256 2862 benigne
1270 2804 1335 2860 per-

50 2908 54 2916 ·
165 2875 261 2952 misit,
289 2876 461 2952 philologici
488 2896 542 2952 per
570 2897 621 2937 sex
649 2895 765 2936 menses
791 2875 956 2949 Luebbert‚
985 2875 1091 2934 deinde
1117 2876 1196 2933 iuter
1219 2875 1336 2933 sodales

166 2964 332 3024 ordinarios
360 2965 537 3024 Buecheleri
558 2966 724 3026 Luebberti
746 2965 873 3025 Vseneri
895 2963 1104 3024 benevolentia
1130 2967 1267 3039 receptus
1290 2967 1337 3022 ter
1389 3021 1391 3026 .

166 3073 219 3112 sex
241 3073 359 3114 menses
383 3058 480 3114 artem
503 3055 637 3115 criticam
661 3057 773 3114 discere
797 3055 888 3132 coepi.
931 3053 1191 3114 exercitationibus
1215 3053 1276 3112 suis
1302 3056 1337 3111 ut

165 3143 342 3202 interessem
361 3144 489 3220 benigne
507 3145 709 3220 permiserunt
726 3144 957 3221 archaeologicis
975 3162 1029 3220 per
1045 3143 1197 3202 biennium
1211 3141 1336 3217 Kokala,

166 3232 365 3309 epigraphicis
388 3233 554 3292 Buecheler
576 3234 743 3310 Kirchhoff‚
771 3233 920 3292 historicis
945 3233 1121 3306 Mommsen,
1150 3230 1337 3307 philologieis

165 3321 249 3380 Diels
277 3321 393 3381 Vahlen
422 3341 476 3398 per
504 3342 589 3382 senos
618 3341 744 3382 menses.
790 3319 837 3382 his
861 3323 999 3382 omnibus
1022 3322 1136 3398 gratias
1161 3339 1219 3396 ago
1247 3339 1336 3395 quam

165 3429 319 3471 maximas.
