3232 5192
630 1238 874 1313 INSVNT

701 1417 808 1424 ——q

169 1480 374 1538 Pensmmo
1286 1433 1339 1481 Μ’

230 1569 246 1622 Ι,
270 1571 317 1624 DE
337 1569 518 1625 FONTIBVS

277 1668 300 1714 1.
319 1660 441 1728 quinque
459 1663 521 1727 περὶ
539 1661 672 1728 προνοίας
690 1661 825 1715 librorum
863 1705 1263 1718 ............
1323 1669 1340 1714 4
1408 1649 1419 1662 ”

275 1754 300 1802 2.
319 1749 437 1804 duorum
455 1751 518 1816 περὶ
537 1751 700 1817 εἱμαρμένη(
718 1749 854 1804 librorum
865 1793 1264 1807 ............
1324 1756 1340 1803 5

218 1837 250 1891 II.
271 1837 319 1890 DE
338 1836 527 1892 DOCTRINA
547 1837 738 1896 CHRYSIPPI
759 1838 981 1894 CETERORVM

277 1932 300 1979 1.
321 1925 471 1996 Chrysippi
489 1927 523 1981 de
542 1926 720 1996 providentia
739 1929 768 1982 et
785 1927 845 1982 feto
865 1928 993 1982 doctrina
1009 1970 1264 1984 ........
1324 1933 1340 1980 8

275 2019 299 2070 2.
320 2013 470 2085 Chrysippi
489 2016 523 2069 de
542 2015 632 2070 libero
652 2015 768 2070 arbitrio
787 2016 916 2071 doctrina
935 2059 1263 2072 ..........
1308 2023 1340 2069 10

276 2109 300 2157 3.
320 2103 453 2158 Antiochi
472 2106 501 2158 et
520 2101 670 2158 Alexandri
690 2103 724 2158 de
743 2102 802 2158 fato
822 2106 851 2158 et
868 2104 957 2159 libero
977 2103 1094 2159 erbItrio
1113 2104 1264 2160 doctrine.
1308 2110 1340 2157 12

275 2199 300 2249 4.
320 2193 362 2248 De
380 2191 549 2263 Diogeniani
568 2191 700 2247 doctrine
723 2235 1263 2248 ................
1308 2199 1339 2245 13

167 2281 376 2337 EXCVRSVS·

276 2371 310 2425 de
329 2371 392 2425 loco
413 2371 533 2439 quodam
552 2371 685 2426 Tulliano
723 2413 1264 2427 ................
1308 2375 1340 2423 15

169 2459 397 2514 FRAGMENTA

276 2546 423 2618 Chrysippi
440 2551 503 2616 περὶ
521 2548 654 2616 προνοίας
686 2592 1263 2604 .................
1308 2554 1339 2601 17

185 2707 187 2710 Ι
277 2635 426 2706 Chrysippi
444 2640 507 2705 περὶ
526 2637 710 2705 εἱμαρμένης*
774 2703 777 2707 ,

190 2792 194 2799 Ι
277 2723 445 2794 Diogeniani
463 2724 614 2795 Epicurei*

205 2811 370 2867 INDICES*

278 2909 303 2956 1.
322 2903 407 2957 Sedes
425 2903 646 2973 fragmentorum
666 2905 834 2974 Chrysippi*

276 2995 301 3047 2.
321 2991 407 3046 Index
424 2993 594 3047 verborum*

241 3151 256 3185 *
275 3151 351 3216 Quae
370 3152 503 3207 asterisco
522 3156 621 3208 notata
639 3156 778 3208 suntuna
797 3171 859 3208 eum
878 3154 978 3209 ueteris
1001 3153 1031 3207 in
1052 3153 1178 3223 proximo
1198 3153 1340 3209 volumine

172 3241 428 3311 supplementorum
448 3242 485 3296 ad
503 3241 676 3296 Fleckeiseni
695 3243 810 3298 annales
830 3244 989 3298 additorum
1009 3244 1133 3299 edentur.
