3232 5192
286 353 307 418 4
735 356 866 413 Allredus
885 358 1005 414 Gercke:

286 547 373 602 quem
393 527 481 586 alteri
499 546 528 602 p.
543 525 612 586 Chr.
625 547 654 587 n.
669 529 786 588 saeculo
807 527 980 588 adtribuere
995 528 1101 604 solent,
1118 528 1201 587 illius
1215 523 1288 600 περὶ
1305 527 1363 588 τοῦ
1379 522 1459 587 επῶς

287 612 400 674 iuuere
415 612 551 689 λέγομεν
570 611 622 675 καὶ
642 610 887 690 διανοούμεθα;’
906 617 1000 676 libros
1019 620 1161 692 quattuor
1178 617 1395 692 interpretatus
1415 621 1460 676 est

286 709 439 780 tamquam
459 705 602 780 scriptum
617 707 805 783 canonicum
825 707 927 765 eodem
948 707 1010 764 fere
1029 709 1173 782 tempore,
1193 709 1227 766 ut
1244 705 1373 783 videtur,
1391 707 1460 766 Dio-

287 795 432 882 geniqnus
452 793 613 870 Chrysippi
631 796 667 853 de
687 795 749 854 fato
769 795 934 855 doctrinam
954 796 1063 854 acriter
1081 796 1240 872 adgressus
1260 799 1314 854 est.
1352 797 1460 854 certior

285 886 332 942 est
356 887 439 942 aetas
465 885 590 942 duorum
614 884 871 959 philosophorum:
895 884 980 943 initio
1004 885 1128 944 alterius
1152 905 1181 960 p.
1200 883 1268 944 Chr.
1292 904 1320 944 n.
1348 885 1459 944 saeculi

286 972 462 1048 Philopator
477 971 593 1030 Stoicus
609 992 721 1031 meram
737 972 898 1049 Chrysippi
918 973 1083 1032 doctrinam
1100 992 1184 1033 snam
1199 973 1270 1032 fecit
1284 977 1315 1031 et
1333 974 1364 1031 in
1381 974 1458 1032 libro

287 1062 324 1119 de
338 1061 401 1120 fato
419 1061 512 1120 edidit
531 1052 582 1141 (of.
597 1061 633 1120 de
648 1065 708 1122 nat.
724 1063 802 1122 hom.
818 1081 880 1137 cap.
896 1064 937 1122 35
954 1083 982 1138 p.
999 1055 1089 1142 140);
1110 1064 1138 1122 ei
1152 1062 1250 1121 omnia
1264 1060 1458 1138 Chrysippea,

286 1151 311 1208 si
334 1152 413 1209 recte
438 1149 562 1226 conicio,
585 1150 689 1210 debuit
707 1151 874 1210 Nemeeius.
916 1152 1020 1211 eodem
1043 1152 1161 1210 saeculo
1185 1153 1310 1210 exeunte
1333 1152 1459 1210 Alexan-

286 1238 372 1296 drum
387 1238 650 1315 Aphrodisiensem
669 1241 823 1316 proprium
843 1242 948 1300 contra
962 1239 1163 1316 Chrysippum
1179 1241 1333 1316 scripsisse
1347 1240 1457 1298 librum

285 1326 364 1386 infre
383 1328 606 1404 explanabitur3
626 1330 704 1388 hunc
719 1329 801 1388 illius
821 1329 857 1388 de
876 1330 939 1388 fato
958 1329 1052 1389 libros
1071 1332 1103 1388 et
1120 1329 1233 1406 legisse
1250 1330 1349 1405 ipsum
1364 1333 1395 1388 et
1409 1349 1458 1388 cx·

287 1416 442 1493 scripsisse
460 1416 595 1492 quisquis
614 1421 753 1493 excerpta
771 1418 848 1478 vidit
866 1437 1044 1494 persuasum
1061 1420 1160 1478 habet
1192 1419 1263 1476 telis
1281 1419 1375 1494 igitur
1393 1423 1459 1477 erat

287 1504 446 1582 Chrysippi
465 1506 617 1566 memoria.
653 1506 736 1567 vides
763 1509 863 1567 omnia
885 1507 966 1566 illius
985 1507 1114 1582 vestigia
1132 1507 1273 1583 detegere
1292 1527 1351 1567 non
1369 1507 1458 1566 unius

286 1613 365 1670 esse;
380 1614 427 1654 me
441 1614 478 1653 ne
493 1595 620 1655 duorum
635 1596 755 1672 quidem
769 1596 914 1657 librorum
928 1596 1071 1672 reliquias
1086 1597 1247 1656 contulisse
1263 1615 1364 1656 omnes
1378 1596 1459 1654 haud

285 1685 397 1744 nescio:
416 1684 561 1760 plurimas
580 1685 640 1742 ium
658 1689 813 1761 praestare
825 1685 954 1746 confido.

689 1964 714 2029 I.
752 1965 811 2029 DE
836 1963 1052 2030 FONTIBVS

589 2112 612 2160 1.
642 2104 764 2174 quinque
782 2108 845 2173 περὶ
862 2104 995 2172 προνοίας
1013 2105 1156 2161 librorum.

374 2218 512 2296 Quinque
534 2221 571 2279 de
593 2220 783 2295 providentie
806 2220 899 2279 libros
924 2219 1127 2296 Chrysippum
1149 2218 1304 2295 scripsisse
1327 2221 1459 2278 testatur

286 2308 457 2368 Laertius
480 2308 661 2385 Diogenes
684 2308 827 2368 V11142
852 2301 922 2387 (frg.
945 2306 1014 2389 17);
1037 2310 1180 2369 librorum
1205 2309 1289 2367 tertii
1307 2312 1338 2367 et
1361 2307 1458 2385 quinti

285 2398 455 2474 fragmenta
477 2399 562 2456 nulla
585 2400 704 2457 serrata
728 2401 806 2458 sunt.
847 2416 885 2456 ne
908 2398 940 2457 in
963 2397 1069 2458 ceteris
1093 2399 1212 2474 quidem
1235 2397 1319 2458 libris
1343 2402 1458 2457 certum

287 2487 417 2546 auctoris
438 2487 593 2546 consilium
611 2506 770 2562 rerumque
789 2487 945 2561 dispositio
965 2488 1141 2563 investigari
1159 2490 1267 2563 potest.

374 2576 468 2635 Primi
491 2577 561 2635 libri
583 2576 754 2653 fragmenta
777 2576 869 2635 variis
892 2577 965 2637 locis
994 2578 1126 2653 exstant3
1155 2575 1256 2652 agitur
1284 2575 1320 2633 de
1348 2574 1458 2634 mundo

287 2666 416 2742 diisque;
434 2685 493 2725 non
507 2666 591 2724 nulla
606 2685 622 2724 e
636 2665 806 2725 coniectura
824 2666 882 2725 huo
896 2666 1008 2740 rettuli,
1028 2667 1117 2741 plura
1135 2665 1287 2724 simillima
1304 2667 1458 2740 tamquam

285 2755 444 2815 notissima
463 2755 516 2814 sed
532 2754 640 2814 incerti
657 2754 715 2829 loci
734 2753 829 2813 omisi.

375 2844 509 2903 Alterius
527 2843 598 2902 libri
613 2863 689 2919 quae
707 2843 781 2902 mihi
799 2843 994 2903 innotuerunt
1013 2842 1111 2902 omnia
1130 2862 1146 2902 e
1165 2842 1347 2902 bibliotheca
1365 2842 1459 2900 HER-

287 2932 518 2993 CVLANENSI
537 2934 753 3008 provenerunt,
778 2933 814 2991 de
838 2933 947 3009 quibus
966 2932 1136 2991 conferatur
1155 2931 1190 2991 D.
1210 2930 1395 3008 Comparetti
1414 2927 1459 2990 ‘la

285 3024 359 3083 ville
388 3021 566 3082 Ercolanese
593 3021 641 3081 dei
664 3022 777 3095 Pisoni,
805 3021 914 3082 Torino
939 3015 1042 3081 1883'
1070 3041 1098 3096 p.
1123 3024 1178 3090 66:
1207 3015 1360 3096 ‘Crisippo
1385 3016 1459 3094 περὶ

286 3106 441 3186 προνοίας
467 3102 493 3186 β’
517 3109 570 3169 CA
589 3109 618 3168 V
638 3113 692 3188 22,
712 3111 743 3169 di
762 3111 808 3170 cui
831 3113 903 3187 pero
926 3111 1040 3170 rimone
1064 3128 1137 3186 poco
1160 3111 1212 3185 pih
1235 3111 1289 3170 che
1311 3110 1334 3168 il
1362 3111 1457 3170 titolo.

287 3203 357 3277 quel
374 3220 448 3276 poco
468 3201 521 3258 che
536 3219 573 3258 ne
587 3199 701 3260 rimone
720 3200 751 3258 fu
770 3199 923 3260 illustrato
939 3200 989 3258 dal
1002 3198 1220 3260 Parasoandolo
1234 3199 1267 3257 in
1280 3218 1339 3258 nno
1354 3200 1458 3258 scritto

286 3292 411 3349 rimasto
439 3289 552 3348 inedito
579 3289 649 3348 nell'
679 3282 817 3348 officina'
863 3290 992 3349 addatur
1019 3288 1090 3348 ibid.
1117 3309 1145 3365 p.
1176 3290 1238 3348 123
1269 3307 1291 3347 s.
1313 3307 1342 3346 n.
1372 3289 1457 3348 1038

287 3369 707 3459 “ΧΡΥ(1ΠΠΟΥΗΠ(Ε)ΡΙ
731 3369 961 3459 apostolatti
981 3375 1003 3437 Β
1022 3369 1032 3460 Η
1052 3373 1076 3436 Χ
1088 3421 1165 3439 .....
1185 3378 1282 3437 svolto
1301 3378 1350 3436 uel
1373 3378 1456 3436 1808

287 3470 326 3528 da
348 3469 380 3527 F.
400 3467 562 3527 Casanova.
599 3467 679 3542 pezzi
704 3469 754 3526 10.
774 3499 812 3510 —
834 3469 888 3528 col.
909 3469 928 3526 8
952 3467 988 3525 fr.
1010 3460 1067 3526 35'
1092 3469 1123 3525 et
1142 3468 1208 3526 adn.
1227 3465 1297 3525 ibid.
1325 3459 1351 3524 ‘i
1370 3467 1458 3524 frem-

288 3559 382 3617 menti
395 3575 454 3615 non
468 3555 617 3632 disegnati
631 3575 702 3617 sono
717 3556 748 3614 di
760 3556 939 3633 poohissimo
955 3575 971 3614 o
985 3575 1097 3616 nessun
1109 3547 1225 3615 frutto?
1253 3555 1301 3614 his
1315 3555 1459 3614 accedunt

288 3648 418 3725 quinque
436 3645 544 3704 incerti
561 3644 631 3703 libri
650 3646 826 3721 fragmenta,
846 3666 973 3722 quorum
986 3646 1133 3705 rationem
1152 3646 1244 3704 habet
1257 3643 1335 3704 idem
1350 3665 1379 3720 p.
1396 3645 1457 3703 134

288 3757 312 3798 s.
334 3758 362 3796 n.
388 3738 470 3795 1421
498 3728 753 3794 (ΧΡΥΕΙΠΠΟΥ
776 3726 785 3817 Η
808 3727 927 3816 ΠΕ(Ρ)Ι
955 3725 1173 3815 ΠΡΟ(ΝΟΙΑ(
1188 3780 1196 3794 .
1211 3781 1217 3793 .
1233 3778 1262 3794 ..
1288 3734 1386 3792 svolto
1409 3733 1458 3791 nel

290 3829 373 3886 1821
395 3827 433 3884 da
447 3822 479 3882 C.
494 3823 623 3882 Malesci.
645 3855 685 3864 —
705 3824 785 3900 pezzi
802 3826 835 3883 5:
854 3828 935 3884 met-a
949 3824 979 3882 di
993 3817 1109 3900 papiro'
1128 3827 1159 3882 et
1172 3823 1298 3882 adnotat
1316 3816 1355 3880 ‘il
1371 3821 1459 3880 nome

288 3916 319 3974 di
329 3915 495 3990 Chrysippo
510 3912 560 3970 nel
574 3911 661 3970 titolo
677 3912 698 3970 s'
713 3913 889 3973 intravvede
903 3906 1040 3990 appena.'
1064 3914 1178 3988 septem
1193 3912 1347 3972 columnae
1362 3911 1458 3970 adhuc

288 4004 385 4066 editae
409 4022 475 4062 cum
499 4001 713 4077 supplementis
737 4021 755 4060 a
777 4021 825 4061 me
849 4002 1005 4078 temptatis
1034 4001 1113 4059 infra
1136 3993 1207 4082 (frg.
1233 3993 1388 4081 19-25)
1412 4019 1457 4060 se-

288 4097 413 4171 quentes
437 4090 494 4150 etsi
516 4108 611 4166 pauca
633 4093 736 4149 temen
758 4110 819 4151 non
841 4092 914 4151 vilia
937 4092 1043 4150 docent
1065 4092 1101 4150 de
1123 4093 1234 4149 natura
1255 4089 1337 4151 Iovis
1356 4088 1459 4148 mundi

287 4183 441 4244 hominum
461 4172 511 4259 (cf.
529 4198 558 4254 p.
580 4172 644 4258 11).

377 4273 402 4330 Ε
426 4271 532 4346 quarto
555 4268 631 4328 libro
655 4269 779 4344 egregia
800 4270 947 4345 quaedam
970 4268 1116 4346 imprimis
1140 4267 1177 4326 de
1197 4268 1251 4327 illu
1274 4267 1458 4344 quaestione,

287 4362 366 4422 unde
386 4360 447 4420 sint
464 4358 544 4416 mala
561 4357 593 4416 in
611 4357 729 4431 mundo,
749 4358 866 4435 aliaque
885 4378 961 4436 quoe
976 4359 1067 4418 etiam
1085 4358 1116 4416 in
1134 4357 1220 4416 libris
1239 4356 1275 4416 de
1295 4358 1356 4417 feto
1376 4356 1458 4416 simi-

288 4451 359 4511 liter
378 4449 512 4526 exposita
530 4446 624 4506 fuisse
637 4447 717 4506 haud
736 4446 847 4508 iniuria
860 4449 992 4509 conicere
1006 4447 1112 4525 possis,
1134 4465 1227 4522 eaque
1246 4446 1346 4507 omnia
1364 4463 1458 4522 paene

288 4543 352 4600 erte
371 4535 561 4600 cohaerentia
579 4534 750 4594 GELLIVS
768 4537 895 4596 tradidit
914 4531 984 4617 (NA
1003 4535 1062 4595 VII
1083 4540 1099 4596 1
1121 4539 1152 4594 et
1171 4530 1215 4616 2).
