3232 5192
680 356 856 428 Chrysippea.
979 404 991 434 ,
1311 359 1351 422 21
1441 359 1445 363 “

180 521 344 589 Πλάτωνα
367 524 418 587 καὶ
443 523 574 588 ἕκαςτον
593 525 659 585 τῶν
678 519 859 600 ἀνθρώπων
880 524 935 587 ςύν
959 527 1027 586 τοῖς
1047 522 1156 587 αὐτοῖς
1177 523 1227 587 καὶ
1247 522 1353 602 φίλοις

179 613 231 676 καὶ
254 612 399 676 πολίταις
423 613 472 676 καὶ
496 612 535 675 τὰ
559 611 639 676 αὐτὰ
662 611 821 676 πείςεςθαι
844 613 895 676 καὶ
919 616 987 676 τοῖς
1006 611 1115 676 αὐτοῖς
1135 612 1353 677 ςυντεύξεςθαι
1368 633 1393 671 ιο

180 703 231 765 καὶ
248 702 288 765 τά
307 701 387 765 αὐτὰ
407 706 667 780 μεταχειριεῑςθαι
687 702 737 764 καὶ
756 704 859 764 πᾶςαν
875 701 970 765 πόλιν
989 702 1040 764 καί
1059 702 1167 780 κώμην
1182 703 1233 765 καί
1251 700 1352 780 ἀγρὸν

179 789 297 869 ὁμοίως
321 789 593 856 άποκαθίςτοιςθαι.
632 790 771 867 γίνεςθαι
791 791 825 854 δὲ
845 793 903 869 τὴν
923 789 1174 854 άποκατάςταςιν
1193 795 1251 855 τού
1271 812 1352 855 παν-

178 880 234 943 τὸς
258 880 317 958 οὐχ
341 880 425 944 άπαξ
444 878 527 942 ἀλλὰ
545 879 707 957 πολλάκις,
733 883 855 958 μάλλον
875 881 910 943 δὲ
930 879 974 943 εἰς
999 877 1132 957 ἄπειρον
1152 881 1202 943 καὶ
1222 879 1352 944 ἀτελευ-

178 971 282 1049 τήτως
304 969 344 1032 τὰ
367 969 448 1032 αὐτὰ
471 967 743 1034 άποκαθίςταςθαι.

250 1071 284 1126 cf.
304 1072 393 1126 Zeller
411 1071 451 1125 Ill
471 1071 500 1125 1³
518 1091 546 1140 p.
567 1077 627 1137 154,
647 1077 716 1139 2sq.
737 1074 765 1126 el
784 1072 828 1126 Ps.
848 1071 920 1126 Plnl.
942 1071 1054 1127 delato
1074 1089 1096 1128 α.
1117 1079 1132 1126 3
1220 1091 1289 1141 quae
1310 1090 1351 1128 se-

180 1144 279 1196 cuntur
298 1144 331 1196 de
352 1143 405 1198 diis
423 1143 554 1198 videnlur
573 1161 590 1198 a
609 1141 765 1212 Chrysippo
784 1142 878 1198 aliena
897 1160 964 1198 esse.

120 1288 167 1351 16
267 1292 318 1353 Ar,
342 1293 461 1369 Didym.
487 1295 523 1352 fr.
551 1295 592 1352 36
619 1279 941 1374 (p.468‚'8Die1s'):
971 1289 1093 1368 ἀρέεκει
1117 1293 1151 1354 οὲ
1180 1295 1248 1355 τοι(
1275 1312 1351 1368 πρε-

178 1377 342 1458 ςβυτάτοις
373 1381 439 1441 τῶν
471 1377 535 1441 άπὸ
565 1383 622 1456 τῆς
652 1377 801 1456 οἱρέςεως
834 1380 949 1458 ταύτης
981 1381 1216 1458 ἑΞαιθερούςθαι
1247 1379 1352 1443 πάντα

177 1469 256 1530 κατὰ
280 1467 449 1546 περιόδους
472 1467 560 1532 τινὰς
588 1467 644 1530 τάς
673 1467 818 1545 μεγίςτας
848 1468 892 1531 εἰς
920 1473 983 1546 πῦρ
1012 1468 1184 1546 αἰθερῶδες
1214 1468 1350 1533 άναλυο-

177 1557 283 1634 μένων
307 1555 439 1620 πάντων
454 1607 460 1618 .
476 1607 482 1618 .
500 1607 505 1618 .
521 1557 556 1619 ἐκ
579 1556 704 1620 τούτων
733 1557 768 1619 δὲ
799 1561 912 1634 δῆλον,
941 1556 990 1620 ὅτι
1016 1558 1197 1636 Χρύςιππος
1220 1559 1273 1622 ἐπὶ
1296 1565 1351 1635 τῆς

177 1645 284 1708 οὐςίας
308 1645 347 1708 οὐ
370 1645 488 1723 ταύτην
512 1645 692 1722 παρείληφε
716 1648 774 1723 τὴν
799 1646 959 1723 ςύγχυςιν
984 1645 1145 1710 ἀδύνατον
1168 1646 1242 1725 γάρ·
1267 1646 1377 1710 άλλὰῡ

175 1735 235 1814 τὴν
259 1732 328 1796 ἀντὶ
350 1739 407 1812 τῆς
432 1736 607 1812 μεταβολῆς
632 1736 816 1812 λεγομένην.
856 1735 895 1798 οὐ
919 1736 978 1814 γάρ
998 1737 1051 1798 ἐπὶ
1074 1741 1129 1814 τῆς
1152 1741 1210 1799 τού
1234 1736 1350 1814 κόςμου

176 1823 257 1885 κατὰ
280 1822 450 1901 περιόδους
473 1823 530 1886 τὰς
554 1822 699 1901 μεγίςτας
717 1825 886 1901 γινομένης
906 1827 1031 1902 φθοράς
1050 1825 1165 1908 κυρίως
1184 1828 1350 1903 παραλαμ-

178 1911 305 1991 βάνουςι
328 1914 387 1989 τὴν
411 1912 539 1990 φθοράν
563 1913 593 1976 οί
616 1914 674 1990 τὴν
694 1913 738 1975 εἰς
757 1917 819 1991 πύρ
840 1911 991 1977 άνάλυςιν
1009 1919 1075 1976 τῶν
1094 1913 1183 1977 όλων
1202 1914 1350 1992 δογματί-

176 2005 299 2078 ζοντες,
328 2004 367 2079 ἣν
396 2003 434 2079 δὴ
467 2004 616 2065 καλούςιν
644 2002 835 2078 ἑκπύρωςιν·
864 2001 939 2065 ἀλλ’
968 2002 1037 2066 ἀντὶ
1065 2008 1120 2081 τῆς
1148 2003 1228 2066 κατὰ
1256 2004 1350 2080 φύςιν

176 2092 352 2169 μεταβολῆς
376 2093 515 2168 χρῶνται
538 2096 576 2174 τῇ
596 2091 792 2174 προςηγορίᾳ
811 2096 865 2169 τῆς
885 2094 1017 2169 φθοράς.
1055 2090 1178 2169 άρὲςκει
1201 2092 1262 2171 γάρ
1281 2097 1350 2156 τοῖς
1365 2109 1390 2147 10

175 2179 324 2242 (τωικοῖς
348 2177 541 2258 φιλοςόφοις
564 2181 623 2257 τὴν
647 2177 727 2258 ὅλην
750 2179 859 2243 οὐςίαν
884 2180 927 2243 εἰς
952 2185 1015 2258 πύρ
1044 2180 1255 2260 μεταβάλλειν
1279 2180 1350 2246 οἷον

175 2268 220 2332 εἰς
244 2268 365 2346 ςπέρμα
379 2269 439 2331 καὶ
463 2268 559 2331 πάλιν
583 2269 617 2331 ἐκ
641 2269 757 2332 τούτου
783 2269 934 2346 τοιαύτην
956 2269 1178 2334 άποτελεῖςθαι
1201 2273 1259 2347 τὴν
1283 2275 1348 2335 διοι-

174 2355 335 2438 κόςμηςιν,
359 2357 413 2421 οία
435 2358 474 2421 τὸ
494 2356 653 2436 πρότερον
673 2358 721 2437 ἦν,
759 2358 925 2422 καὶτοῦτο
944 2359 982 2421 τὸ
1002 2358 1105 2436 δόγμα
1124 2363 1190 2422 τῶν
1210 2358 1274 2422 άπὸ
1293 2365 1350 2437 τῆς

174 2445 324 2524 αἱρέςεως
350 2445 380 2510 οἰ
408 2449 530 2523 πρῶτοι
559 2447 609 2510 καὶ
633 2447 842 2526 πρεςβύτατοι
871 2450 1071 2526 προςήκαντο
1096 2448 1213 2525 Ζήνων
1240 2451 1349 2513 τεκαὶ

176 2534 336 2613 Κλεάνθης
360 2535 411 2598 καὶ
437 2536 627 2614 Χρύςιππος.
1364 2554 1389 2594 15
1437 2598 1440 2604 ,

245 2639 299 2691 hoc
317 2637 370 2707 frg.
389 2637 478 2692 tradit
490 2637 591 2692 Euseb.
608 2639 651 2692 PE
666 2637 718 2691 XV
738 2644 771 2693 18
791 2657 854 2692 oum
873 2640 926 2694 hoo
944 2641 1077 2694 lemmate
1096 2643 1172 2694 ὅπως
1191 2640 1216 2693 οἱ
1235 2641 1349 2694 (τωικοί

172 2712 302 2776 περὶτῆς
320 2715 371 2762 τού
390 2711 495 2780 παντὸς
514 2711 694 2777 ἐκπυρώςεως
712 2712 871 2766 δοξάζουςιν
952 2713 1052 2780 lpost
1072 2714 1186 2766 πάντων
1206 2710 1286 2764 addit
1305 2715 1349 2765 καί

173 2783 237 2846 ἑξῆς
255 2782 350 2845 ἐπάγει
370 2782 417 2850 (αα.
433 2780 581 2849 Δίδυμος)ι
601 2783 673 2834 hanc
693 2782 823 2836 lacunam
838 2799 871 2836 ex
890 2781 922 2838 fr.
938 2789 972 2836 28
992 2784 1157 2852 suplendam
1176 2799 1236 2836 esse
1257 2785 1350 2835 censet

174 2852 257 2906 Diels‘
344 2857 377 2905 10
402 2853 507 2919 ἀρέςκει
531 2882 564 2892 -
591 2859 622 2905 13
646 2855 785 2920 πρότερον
808 2857 843 2921 ἠν
863 2854 948 2907 etiam
968 2853 1044 2908 sloh.
1065 2853 1089 2923 (Ι
1108 2860 1150 2919 20,
1173 2863 1231 2922 lp.
1254 2860 1346 2922 171,1

173 2923 328 2992 Wachsm.)
347 2923 471 2978 servavit
484 2922 625 2977 nonnullis
641 2922 810 2992 depravatis,
829 2941 901 2992 qnae
917 2925 1016 2979 omitto
1073 2931 1103 2979 11
1120 2925 1158 2978 είς
1171 2931 1226 2992 πύρ
1241 2943 1299 2992 μετ.
1316 2957 1348 2964 -

173 2996 290 3061 ςπέρμα·
306 3011 363 3061 μετ.
375 3025 408 3033 -
420 2996 523 3062 ςπέρμα
537 2996 571 3048 τὸ
584 2999 640 3062 πύρ
656 2995 732 3049 stob.
790 3002 821 3049 12
836 2998 971 3064 τοιαύτην
986 2996 1061 3050 stob.
1073 2997 1162 3050 Diels·
1178 2998 1267 3062 αὐτὴν
1281 2995 1346 3050 Eun.

262 3127 432 3199 Aet.114‚
455 3130 493 3186 13
519 3121 561 3204 (p.
582 3130 675 3187 332b
700 3129 718 3186 8
742 3128 826 3186 Diels
848 3155 888 3176 =
909 3129 1100 3201 Stob.120‚
1121 3132 1137 3187 1
1159 3150 1187 3203 p.
1209 3134 1285 3205 171,
1307 3132 1346 3188 13

172 3206 338 3296 Wachsm.)
358 3215 394 3274 de
414 3216 538 3276 Platone
557 3221 588 3275 et
607 3209 779 3297 Stoicis(?):
805 3212 882 3294 [καὶ]
916 3213 946 3277 οἰ
975 3213 1114 3292 φάμενοι
1138 3215 1174 3276 δὲ
1198 3217 1256 3292 τὴν
1280 3218 1346 3277 δια-

172 3300 318 3378 κόςμηςιν
351 3301 482 3364 αἰώνιον
511 3299 666 3379 ὑπάρχειν
695 3305 952 3380 περιοδευτικούς
981 3301 1062 3366 εἶναί
1092 3323 1169 3380 φαςι
1201 3303 1347 3385 χρόνους,

172 3387 243 3453 καθ’
262 3390 318 3452 οὓς
338 3391 417 3453 κατὰ
436 3389 536 3453 ταύτά
556 3391 605 3453 καὶ
625 3389 776 3454 ῶςαύτως
796 3391 956 3468 γίγνεςθαι
976 3391 1081 3456 πάντα
1100 3393 1150 3455 καί
1169 3395 1227 3470 τὴν
1247 3393 1346 3469 αὐτὴν

171 3480 375 3562 διοςῴζεςθαι
399 3483 456 3542 τού
482 3478 598 3558 κόςμου
622 3479 763 3545 διάταξίν
786 3501 821 3543 τε
845 3482 896 3543 καὶ
920 3480 1125 3559 διακόςμηςιν.
1360 3497 1373 3537 ⁵

244 3587 259 3634 2
280 3585 325 3635 καὶ
344 3581 397 3636 del.
417 3582 527 3636 Heeren
599 3589 616 3636 4
635 3585 724 3638 ταύτά
744 3583 865 3637 Heeren·
884 3589 974 3638 ταῦτα
1042 3585 1131 3651 αὐτὴν
1150 3583 1237 3636 Diels·
1259 3586 1345 3637 αὐτού

110 3729 157 3792 17
261 3727 394 3802 Λέγουςι
423 3729 458 3791 δὲ
482 3727 598 3805 κόςμου
622 3735 751 3807 τριχῶς
779 3727 879 3793 αὐτόν
907 3750 941 3792 τε
969 3730 1027 3794 τὸν
1052 3731 1129 3794 θεὸν
1152 3730 1209 3792 τὸν
1233 3730 1267 3793 ἐκ
1290 3735 1346 3808 τῆς

171 3815 273 3894 πάςης
296 3816 403 3880 οὐςίας
432 3816 518 3880 ἰδίως
550 3817 657 3896 ποιόν,
691 3820 726 3882 ὃς
755 3821 793 3898 δὴ
818 3817 983 3897 ἄφθαρτός
1008 3820 1071 3882 ἑςτι
1097 3820 1147 3883 καὶ
1171 3817 1345 3897 άγὲννητος

171 3907 363 3983 δημιουργὸς
392 3905 438 3969 ῶν
461 3911 517 3985 τῆς
541 3910 771 3987 διακοςμήςεως
795 3908 875 3972 κατὰ
903 3907 1030 3986 χρόνων
1058 3908 1151 3972 ποιὰς
1176 3907 1344 3986 περιόδους

170 3993 349 4058 ἀναλίςκων
377 3995 421 4058 εἰς
449 3995 565 4059 ἑαυτὸν
594 3998 651 4075 τὴν
680 3997 805 4061 άπαςαν
833 3996 942 4061 οὐςίαν
971 3998 1021 4060 καὶ
1045 3997 1142 4061 πάλιν
1166 3997 1198 4061 ἐξ
1228 3997 1344 4060 ἑαυτοῦ

169 4086 309 4160 γεννῶν·
330 4080 425 4169 (138)
445 4086 495 4147 καὶ
515 4085 614 4163 αὐτὴν
635 4088 669 4150 δὲ
689 4089 746 4165 τὴν
766 4086 964 4165 διακόςμηςιν
982 4091 1047 4150 τῶν
1067 4085 1207 4165 άςτέρων
1228 4085 1371 4164 κόςμονο

170 4171 254 4237 εἶναι
282 4175 421 4249 λέγουςι·
454 4175 504 4237 καὶ
531 4174 640 4249 τρίτον
671 4178 708 4239 τὸ
742 4177 927 4254 ςυνεςτηκὸς
959 4177 991 4240 ἐξ
1024 4174 1153 4254 ἀμφοῖν.
1199 4175 1248 4238 καὶ
1281 4174 1344 4238 ἕςτι

170 4261 286 4339 κόςμος
315 4261 334 4324 δ
362 4261 449 4326 ἰδίως
477 4264 570 4326 ποιός
593 4269 649 4343 τῆς
673 4269 739 4328 τῶν
767 4264 854 4328 ὅλων
878 4264 984 4328 οὐςίας
1008 4266 1026 4342 ἢ
1051 4263 1109 4346 (ὥς
1132 4284 1207 4343 φηςι
1230 4265 1343 4327 Ποςει-

170 4351 289 4414 δῶνιος
317 4351 353 4415 ἐν
378 4357 416 4435 τῇ
445 4355 699 4438 μετεωρολογικῇ
729 4350 934 4438 ςτοιχειῶςει)
970 4354 1106 4431 ςύςτημα
1137 4355 1169 4417 ἐξ
1200 4353 1343 4430 οὐρανοῦ

170 4441 223 4504 καὶ
246 4445 304 4518 γῆς
328 4439 378 4504 καὶ
401 4444 467 4504 τῶν
491 4442 526 4504 ἐν
550 4442 676 4506 τούτοις
699 4445 828 4521 φύςεων
851 4445 870 4520 ἢ
896 4443 1031 4520 ςύςτημα
1049 4443 1084 4505 ἐκ
1107 4446 1191 4507 θεῶν
1214 4442 1264 4504 καὶ
1288 4439 1342 4505 ἀν·
1379 4461 1385 4472 “

170 4529 313 4606 θρώπων
342 4530 392 4593 καὶ
420 4533 486 4593 τῶν
515 4530 608 4593 ἕνεκα
631 4533 756 4596 τούτων
784 4530 977 4609 γεγονότων.
1021 4527 1173 4614 (οὐρανὸς
1201 4533 1236 4595 δέ
1260 4531 1342 4594 ἐςτιν
1358 4547 1384 4586 10
