3232 5192
267 337 287 397 8
719 331 851 386 Alfredus
870 331 990 387 Gcrclrc:

269 493 401 564 ἕκαεταν
425 497 532 561 αὐτῶν
552 496 624 562 οἷον
643 496 695 560 καὶ
714 497 858 575 πέφυκεν
878 492 974 580 εἶναι)
995 502 1057 560 stet
1075 519 1143 560 cum
1162 499 1330 577 Chrysippo
1349 491 1440 581 (frgg.

271 595 347 668 144,
368 583 569 673 112—115).
602 590 692 650 etiam
711 589 767 648 fati
785 589 972 650 definitiones
987 589 1073 650 initio
1088 590 1185 665 operis
1203 590 1347 666 prolatae,
1367 608 1440 666 quas

267 682 356 757 volgo
375 679 545 741 Platonicae
570 699 635 740 esse
660 679 775 750 dicunt,
799 698 835 738 cx
858 677 976 739 officina
994 678 1160 738 Stoicorum
1183 678 1372 754 prodierunt:
1395 698 1440 738 re-

269 770 450 830 centioribus
471 770 550 828 enim
568 769 754 845 temporibus
770 767 863 828 Stoici
876 767 1005 843 vestigia
1024 787 1095 828 suae
1115 769 1266 828 doctrinae
1283 769 1360 844 apud
1376 768 1442 827 Pla-

268 863 369 920 tonem
395 860 526 935 reperire
549 862 639 934 atque
664 857 806 934 detegere
829 858 927 917 conati
951 860 1033 930 sunt,
1057 860 1092 916 ut
1116 857 1215 932 ipsum
1241 856 1441 933 Chrysippum

268 951 327 1024 frg.
339 950 379 1008 26
396 948 552 1008 Platonem
563 949 727 1008 adsciscere
741 947 923 1022 invenimus;
939 947 1042 1006 eadem
1056 947 1172 1006 ratione
1186 947 1242 1006 hac
1256 946 1441 1006 definitiones

268 1037 380 1097 nemini
403 1037 557 1098 Platonico
576 1037 722 1096 debentur
741 1035 795 1095 sed
814 1038 983 1111 congruunt
1001 1054 1068 1095 curn
1083 1034 1277 1112 Chrysippeis
1296 1036 1374 1112 frgg.
1392 1037 1441 1108 33,

269 1128 421 1186 41-49.
458 1125 550 1202 quid?
576 1127 655 1202 quod
683 1126 774 1184 etiam
797 1119 1049 1185 ἀποκατά(τα(ιν
1073 1124 1239 1185 Stoicorum
1264 1143 1325 1200 cap.
1351 1127 1369 1184 3
1395 1144 1442 1183 ex·

269 1215 339 1292 poni
370 1216 566 1292 neglexerunt
599 1216 695 1276 Heinc
728 1217 759 1274 et
785 1213 979 1275 Volkmann?
1024 1233 1061 1272 ne
1092 1215 1187 1290 ipsius
1218 1213 1337 1289 quidem
1365 1232 1440 1274 ccm-

269 1303 406 1380 pilatoris
423 1305 510 1376 ratio,
530 1324 616 1380 quam
639 1304 758 1364 Stoicae
777 1303 901 1380 opponit
922 1303 953 1362 in
972 1303 1078 1362 ultimo
1098 1304 1203 1380 capite,
1222 1321 1300 1363 nova
1319 1305 1366 1362 est
1384 1302 1442 1362 sin-

270 1412 395 1469 ceraque
414 1394 466 1452 sed
485 1394 523 1452 ab
543 1396 788 1470 argumentorum
807 1393 909 1452 ordine
928 1411 963 1452 cc
982 1393 1124 1465 derivata,
1150 1411 1237 1468 quem
1257 1391 1441 1468 Chrysippus

165 1563 166 1566 Ἴ
269 1484 300 1541 in
319 1484 413 1542 altero
433 1478 506 1556 περὶ
525 1478 713 1557 εἱμαρμένη(
731 1483 809 1542 libro
828 1484 949 1542 secutus
969 1485 1029 1558 est3
1049 1482 1102 1541 scd
1121 1482 1157 1540 de
1176 1481 1232 1540 hac
1250 1501 1283 1540 rc
1302 1481 1384 1540 alias.

359 1571 458 1630 Etiam
478 1571 656 1630 ALBINVS
676 1571 846 1632 Platonicus
864 1590 882 1630 a
897 1570 1064 1648 Chrysippo
1083 1570 1229 1646 quaedam
1248 1588 1365 1630 sumere
1384 1589 1443 1629 non

271 1661 428 1720 dubitavit.
473 1660 521 1720 hic
549 1664 651 1720 autern
683 1679 750 1720 curn
778 1661 912 1720 odiosum
945 1679 1053 1720 nornen
1081 1661 1242 1736 diligenter
1273 1659 1443 1732 removerit,

272 1748 436 1811 doctrinam
456 1750 519 1809 eius
538 1751 588 1810 vix
601 1752 749 1808 mutatam
763 1748 877 1825 recipit,
897 1749 1006 1825 quippe
1021 1749 1072 1824 qui
1085 1752 1181 1808 totam
1199 1749 1262 1808 sere
1277 1749 1442 1809 doctrinam

272 1839 330 1900 etsi
343 1859 402 1900 non
418 1839 529 1898 diserte
543 1839 766 1915 pronuntiatam
781 1839 860 1914 apud
870 1839 1024 1899 Platonem
1039 1838 1166 1898 inveniri
1179 1837 1236 1897 sibi
1250 1838 1441 1914 persuaserit.

382 2117 423 2184 ΙΙ.
460 2117 520 2182 DE
545 2117 770 2184 DOCTRINA
794 2117 1025 2184 CHRYSIPPI
1047 2116 1324 2184 CETZRCRVM.

495 2264 517 2312 1.
548 2257 695 2328 Chrysippi
714 2259 747 2313 de
766 2256 944 2328 providentia
963 2261 992 2313 et
1009 2259 1068 2312 fato
1087 2257 1222 2313 doctrina.

361 2373 475 2433 Multae
499 2373 665 2433 sententiae
688 2373 796 2449 prioris
819 2375 855 2432 de
878 2375 942 2434 sato
966 2375 1036 2434 libri
1055 2393 1122 2434 cum
1144 2372 1177 2431 in
1194 2372 1272 2433 libro
1291 2373 1328 2432 de
1346 2374 1444 2450 provi-

273 2463 375 2523 dentia
398 2464 470 2522 item
495 2464 659 2539 explicatae
681 2464 775 2522 fuisse
800 2463 853 2522 scd
876 2481 946 2522 casu
971 2463 1098 2539 quodam
1117 2463 1267 2522 interiisse
1285 2461 1445 2522 videantur

272 2555 333 2612 iam
352 2572 411 2612 una
434 2553 608 2612 tractandae
633 2554 715 2626 sunt3
740 2552 848 2629 deinde
870 2552 1016 2628 quomodo
1035 2551 1231 2618 alterolibrc
1249 2551 1377 2612 liberam
1397 2553 1445 2612 de·

273 2642 403 2702 fendcrit
421 2640 608 2720 Chrysippus
627 2642 814 2702 voluntatem
831 2641 1008 2701 videbimus.

361 2731 525 2790 Pertritum
545 2734 591 2790 est
609 2731 684 2789 illud
704 2725 731 2789 εἰ
755 2728 795 2805 μὴ
818 2726 938 2806 γὰρῆν
959 2725 1140 2804 Χρύαππο(
1159 2725 1217 2790 οὐκ
1241 2725 1281 2791 ἂν
1299 2726 1339 2806 ἦν
1363 2725 1445 2792 (rod

274 2824 304 2881 et
322 2824 424 2879 tamen
442 2820 655 2880 commentario
673 2820 802 2894 quodam
821 2821 899 2896 eget.
934 2839 1030 2897 neque
1049 2819 1129 2879 enirn
1148 2821 1253 2893 solum,
1271 2839 1347 2895 quae
1367 2819 1445 2879 Zeno

274 2909 459 2970 indicaverat
477 2911 608 2985 tantum,
635 2909 808 2984 explanarit
827 2910 968 2985 auxitque
987 2913 1078 2984 atque
1096 2910 1193 2968 multa
1211 2927 1287 2984 quae
1305 2909 1357 2968 illc
1375 2911 1446 2968 orni-

275 3003 356 3059 serat
370 2999 479 3058 adiecit
492 2999 544 3058 sed
559 2998 673 3074 aliquas
689 2997 839 3058 doctrinas
849 3001 903 3057 aut
916 2999 979 3074 ipse
993 2999 1125 3061 condidit
1139 3001 1192 3058 aut
1205 2998 1250 3057 ita
1262 2998 1446 3074 reformavit

274 3092 309 3149 ut
327 3088 403 3147 nihil
421 3089 483 3147 fere
502 3087 561 3146 nisi
578 3087 699 3147 nomina
718 3105 736 3145 a
755 3087 872 3146 Zenone
896 3088 1018 3149 inuenta
1040 3089 1193 3148 retineret.
1235 3106 1327 3146 unum
1346 3106 1446 3162 repre·

275 3178 413 3238 hendisse
434 3176 608 3236 Cleanthem
626 3176 755 3252 videtur,
775 3177 923 3236 Zenonem
943 3196 1032 3254 seque
1050 3177 1150 3252 ipsum
1169 3180 1323 3252 tamqnam
1341 3195 1446 3236 verum

274 3267 356 3326 illius
381 3266 560 3342 discipulum
583 3265 716 3325 defendit
738 3266 861 3341 proprio
883 3267 960 3326 libro
980 3263 1053 3340 περὶ
1071 3265 1129 3326 τοῦ
1148 3259 1261 3339 κυρίαν(
1280 3266 1448 3340 κεχρῆ(θαι

276 3353 414 3431 Ζήνωνα
432 3348 1096 3434 roteovopoovscripto(nae1·t.1)iog.v11
1115 3346 1206 3436 122);
1226 3373 1284 3431 quo
1304 3374 1339 3414 ex
1358 3355 1447 3414 titulo

275 3445 421 3521 probatur
439 3445 499 3502 iam
518 3445 556 3503 ab
575 3444 750 3519 aequalibus
764 3443 972 3520 impugnatum
987 3463 1052 3504 esse
1067 3443 1269 3521 Chrysippum
1287 3448 1322 3504 ut
1340 3458 1446 3503 καινο-

276 3533 450 3607 τομοῦντα,
474 3534 573 3608 ipsum
592 3552 651 3592 non
670 3534 856 3592 concessisse.
899 3536 1003 3594 contra
1021 3534 1149 3610 ingenue
1167 3552 1244 3593 nova
1264 3552 1295 3592 se
1314 3533 1448 3609 prolerre

276 3624 428 3682 confessus
453 3626 499 3682 est
521 3621 713 3696 Posidonius,
738 3642 826 3698 quem
851 3641 916 3681 cum
942 3622 1110 3700 Chrysippo
1134 3623 1253 3682 videtur
1276 3641 1448 3698 comparare

276 3713 407 3772 Galenus
427 3703 473 3792 (π.
488 3710 553 3770 τῶν
568 3711 624 3784 τῆ(
638 3711 743 3785 ψυχῆ(
761 3707 849 3784 ἠθῶν
863 3712 907 3770 IV
923 3715 985 3771 819
996 3703 1054 3793 'K):
1073 3709 1191 3771 ἐκεῖνοι
1209 3708 1267 3785 μὲν
1285 3707 1346 3784 γὰρ
1361 3705 1446 3770 ἔπει-

277 3817 333 3861 (αν
358 3796 474 3860 αὐτοὺ(
499 3793 630 3877 (acrore
654 3793 782 3880 Vsener)
807 3798 865 3875 τὴν
889 3797 1025 3875 πατρίδα
1050 3797 1214 3874 perticuli
1238 3796 1278 3859 τὰ
1304 3795 1448 3873 δόγματα

276 3890 465 3964 προδοῦναι,
495 3884 711 3950 Ποεειδώνιο(
735 3886 770 3948 δὲ
794 3887 852 3964 τὴν
876 3888 941 3949 τῶν
969 3886 1115 3950 (τωικῶν
1139 3885 1257 3963 αἵρεαν
1281 3888 1403 3963 μᾶλλον
1426 3886 1446 3963 ἢ

277 3978 335 4055 τὴν
355 3973 514 4054 ἀλήθειαν.
551 3979 652 4055 itaque
672 3980 725 4038 aut
744 3979 894 4039 doctrinas
908 3979 1033 4038 retinuit
1051 3979 1229 4055 nominaque
1249 3979 1382 4039 confudit
1399 3979 1448 4038 vel

276 4071 356 4128 certe
375 4087 435 4127 non
454 4068 570 4128 curavit
588 4071 642 4127 aut
659 4068 812 4127 ueteribus
831 4069 1000 4129 nominibus
1014 4066 1190 4128 inusitatam
1206 4068 1337 4129 obtrusit
1356 4068 1450 4142 signi-

276 4158 453 4217 ficationem.
498 4157 541 4215 ita
570 4152 758 4231 εἱμαρμένη(
786 4177 893 4218 nomen
926 4157 1052 4217 retinuit
1083 4158 1210 4217 ¹removit
1239 4157 1448 4220 necessitatem

278 4265 395 4307 caecam
409 4247 629 4322 astrologorum
644 4249 675 4306 et
689 4247 814 4306 Zenonis
828 4245 965 4322 nihilque
982 4247 1122 4306 docturus
1138 4250 1202 4305 erat
1217 4247 1276 4307 nisi
1290 4264 1448 4306 causarum

278 4356 386 4396 nexum
406 4335 634 4412 sempiternum3
655 4339 755 4395 tamen
773 4335 837 4412 ipse
853 4355 970 4412 quoque
984 4336 1143 4412 aliquando
1163 4329 1302 4409 ἀνάγκη(
1320 4335 1449 4411 nomine,

280 4427 403 4502 eiusque
422 4445 482 4484 non
500 4428 617 4484 tantum
637 4425 758 4500 logicae,
778 4445 851 4485 usus
871 4428 924 4485 cst.
957 4445 1016 4502 qua
1034 4445 1067 4484 re
1086 4443 1152 4484 cum
1170 4425 1262 4486 uariis
1281 4424 1449 4484 fluctuanti-

278 4516 393 4594 bnsquc
416 4514 535 4590 placitis
561 4513 744 4591 Chrysippus
769 4513 933 4573 doctrinam
962 4514 1199 4590 adumbraverit,
1226 4534 1280 4574 nos
1307 4513 1449 4573 certiores
