3232 5192
659 321 820 376 Sententiae
840 324 1042 377 controversae.

354 493 393 550 10
417 491 582 550 Novissimi
606 489 755 550 Ciceronis
786 491 915 550 editores
941 492 1016 550 falso
1045 493 1081 551 de
1107 491 1166 552 div.
1192 491 1207 549 Ι
1234 493 1289 565 26,
1316 493 1358 552 56
1385 485 1436 572 (cf.

265 580 403 639 Valerius
418 580 591 639 Maximusl
607 582 633 653 7,
651 571 684 660 6)
700 581 891 656 interpretati
906 583 976 639 sunt
991 580 1103 641 Tiberii
1119 580 1310 639 simulacrum
1324 581 1382 639 rati
1397 583 1435 640 ad

262 672 454 746 quaesturam
468 669 626 744 petendam
640 669 797 744 impulisse
808 668 839 730 C.
851 668 1013 745 Grachum3
1028 671 1119 729 immo
1134 670 1176 729 sic
1189 670 1257 746 lege
1272 661 1331 748 ³(0.
1346 670 1420 728 dixit

262 759 320 819 sibi
343 759 373 817 in
398 760 508 818 somnis
533 763 725 834 quaesturam
744 759 859 834 petenti
878 751 936 834 (sic
959 760 1035 833 cod,
1054 764 1151 833 petere
1170 761 1313 818 dubitanti
1331 760 1418 837 volgo

263 848 306 906 Ti.
326 849 451 906 fratrem
470 849 565 908 visum
586 867 652 908 esse
671 848 777 924 dicere,
796 867 886 923 quem
900 849 992 908 vellet
1006 850 1209 908 cunctaretur:
1229 867 1307 906 nam
1327 841 1435 928 (tamen

263 929 341 1020 cod.)
361 938 464 996 eodem
483 937 539 996 sibi
558 938 618 997 leto
634 981 641 996 .
658 985 663 996 .
679 955 744 996 esse
763 931 968 1012 pereundum’.

354 1031 392 1086 11
413 1026 487 1086 Post
505 1046 614 1085 annum
640 1022 756 1104 796s43
781 1027 963 1086 nonnullos
987 1027 1098 1086 milites
1122 1027 1301 1104 legionarios
1325 1045 1434 1103 cogno-

262 1116 376 1174 miaum
400 1119 536 1191 expertes
560 1116 652 1176 fuisse
676 1117 738 1176 tres
761 1116 843 1174 tituli
863 1116 1069 1175 demonstrant
1093 1115 1258 1174 Britannici
1276 1109 1355 1195 (CIL
1375 1115 1433 1174 VII

267 1206 337 1263 154.
360 1206 421 1264 155
441 1206 500 1281 leg.
519 1205 608 1263 XIIII
628 1204 711 1264 (iem.
733 1207 793 1264 183
814 1206 872 1280 leg.
891 1197 1004 1285 VIIII).

355 1296 393 1353 12
415 1293 562 1369 Georgius
577 1294 677 1370 Zoega
691 1313 729 1352 m.
744 1294 818 1354 febr.
834 1313 861 1353 a.
878 1296 962 1354 1777
979 1294 1109 1354 nendum
1124 1293 1268 1370 cogitavit
1282 1295 1319 1353 de
1336 1295 1434 1370 patria

262 1382 404 1458 fugienda
423 1383 571 1458 Italiaque
591 1384 772 1460 quaerenda,
792 1387 826 1442 ut
844 1383 985 1443 Welclrer
1004 1377 1131 1461 (Zoegas
1150 1382 1238 1442 leben
1256 1384 1271 1442 Ι
1292 1386 1331 1443 57
1352 1376 1433 1462 adn.)

263 1472 399 1546 coniecit,
427 1473 479 1532 sed
507 1472 693 1546 argumentis
722 1490 792 1531 usus
820 1472 986 1532 Stoicorum
1014 1473 1050 1531 de
1077 1473 1132 1531 hac
1155 1472 1218 1532 vlta
1240 1473 1434 1548 relinquenda

262 1560 392 1621 ineunda
411 1563 507 1621 altera
525 1562 674 1620 disseruit.

355 1653 392 1710 13
416 1651 532 1710 Artifex
547 1651 598 1709 ille
612 1651 663 1728 qui
678 1651 844 1709 Amazonas
858 1647 1083 1710 revenditione
1097 1652 1129 1708 in
1143 1647 1314 1724 διαζώματι
1329 1651 1434 1726 templi

237 1729 241 1736 ¹
262 1741 410 1817 Apollinis
425 1740 527 1799 Bessis
542 1741 684 1799 exstructi
703 1740 789 1799 finxit
803 1740 935 1799 nondum
953 1740 1124 1815 adspexisse
1137 1740 1257 1799 videtur
1269 1740 1433 1799 Victoriam

263 1829 385 1888 Paeonii
406 1847 474 1888 crus
498 1830 610 1888 nudum
635 1849 651 1888 e
675 1832 758 1889 veste
781 1829 998 1906 porrigentem
1023 1829 1124 1904 itaque
1148 1832 1217 1888 ante
1242 1848 1267 1888 a.
1292 1831 1357 1888 420
1385 1830 1433 1889 vel

262 1920 351 1994 paulo
370 1922 477 1994 postea
494 1918 655 1994 perfecisse
675 1938 741 1977 eum
761 1937 836 1994 opus
855 1919 919 1978 veri
938 1921 985 1978 est
1004 1918 1109 1979 simile.
